2888 4734
215 332 289 411 18⁰

213 555 313 601 nuum
346 556 478 602 carmen
509 557 605 618 csse,
633 555 833 623 quamquam
859 537 915 603 hie
936 538 1010 602 illic
1033 475 1281 625 interpolatum³

213 640 381 702 constanti
419 639 561 724 quodam
601 639 742 706 consilio
781 645 978 724 persecutus
1011 647 1101 705 erat:
1134 649 1281 708 attamen

145 781 146 788 ι
212 737 303 806 hunc
325 742 436 824 ipsum
464 761 529 805 uon
560 762 624 805 uno
651 742 727 806 loco
754 742 943 808 desciscere
970 763 991 806 a
1018 761 1090 808 sese
1113 744 1280 827 intellige-

212 843 302 924 bam,
335 848 370 905 et
402 861 499 929 quam
531 845 681 908 Graecae
708 843 842 929 linguae
873 843 1017 920 sciebam
1043 847 1281 928 peritissimum

212 953 407 1026 secessum
433 945 618 1010 identidem
647 945 797 1011 Graecae
824 947 955 1030 linguae
977 949 1141 1012 straten
1163 948 1278 1030 epico-

211 1067 285 1112 rum
313 1050 398 1112 mori
425 1050 491 1111 rim
521 1051 644 1112 afferre
672 1047 827 1113 ridebam
857 1055 896 1113 et
912 1048 1055 1112 mirifice
1077 1049 1112 1110 in
1133 1048 1200 1112 boc
1220 1070 1279 1133 ge-

212 1169 291 1213 nere
327 1171 479 1234 peccare.
535 1150 634 1226 Quod
667 1149 747 1214 huic
773 1149 906 1269 quidem
933 1152 1008 1215 viro
1031 1151 1188 1216 accidere
1209 1163 1285 1216 non·

205 1259 357 1338 poterat,
390 1254 455 1315 nisi
485 1251 590 1317 falsae
620 1252 809 1335 indulgeret
837 1252 1006 1337 opinioni,
1033 1273 1099 1335 qua
1126 1251 1279 1318 devincti

212 1359 246 1415 et
277 1355 465 1438 praepediti
496 1371 674 1435 peccamus
706 1374 831 1418 omnes.
884 1355 932 1418 Et
954 1369 1005 1418 est
1027 1375 1080 1418 res
1101 1325 1274 1437 proclivis.

210 1455 298 1519 Nam
328 1457 357 1520 si
391 1458 571 1542 particulas
599 1457 698 1524 modo
723 1457 889 1538 paululum
914 1456 1093 1538 deflectas,
1116 1462 1276 1540 quantum

210 1557 398 1641 profecisse
419 1559 595 1624 videbere!
629 1559 854 1642 Goettlingius
881 1579 979 1642 quam
1001 1557 1171 1622 fluctuet
1162 1577 1277 1622 mcer-

209 1667 262 1722 tus
285 1662 345 1725 alii
368 1662 535 1724 diirerunt
586 1661 721 1725 Accidit
744 1660 882 1741 deinde,
909 1659 1016 1744 quod,
1034 1679 1120 1722 cum
1142 1657 1277 1724 mede-

131 1779 138 1802 ’
210 1769 342 1838 terrere
370 1769 502 1846 posset,
535 1762 644 1826 denuo
679 1763 852 1828 excitavit.
908 1761 1054 1845 Scripsit
1085 1761 1209 1827 etenim
1231 1759 1274 1826 de

210 1863 276 1928 hcc
297 1877 448 1949 poemate
471 1865 684 1960 llermaunus
697 1865 986 1947 ‘Goettlingianam
1006 1864 1186 1938 editionem
1198 1883 1277 1948 per-

211 1988 348 2033 censeas
380 1968 505 2049 Opusc.
539 1969 580 2032 T.
610 1967 681 2055 le
710 1962 915 2050 scripsitque
936 1967 1002 2030 hoc
1033 1966 1131 2032 modo
1153 1988 1185 2048 p.
1209 1965 1275 2030 222

208 2094 274 2154 „ex
306 2072 387 2134 solis
415 2067 571 2131 frustulis
603 2065 669 2131 hoc
700 2088 834 2130 carmen
867 2073 1022 2131 constare
1050 2065 1275 2130 demonstrari

208 2197 274 2240 non
308 2159 440 2256 posse.“
493 2171 545 2230 at.
570 2168 619 2231 id
639 2168 714 2232 iere
743 2170 925 2235 voluerum.
953 2169 1082 2234 allatas
1101 2168 1166 2234 huc
1188 2167 1274 2242 Her·
1317 2190 1321 2197 ·

208 2293 347 2342 mannus
369 2279 407 2334 ut
426 2271 498 2332 sive
519 2269 708 2332 dicat-'aiva
727 2274 847 2350 negem
865 2269 1271 2352 mirificeapimumtuum
1303 2345 1312 2360 .
1434 2295 1435 2339 ι

210 2377 352 2445 excitari
375 2373 518 2450 sentias,
541 2390 605 2434 aec
625 2369 684 2434 ille
705 2370 831 2452 ingenii
854 2372 1005 2454 impetus
1021 2374 1113 2438 sinat
1134 2374 1272 2462 lequie-

208 2502 315 2549 scere.
370 2471 539 2557 Spohnius
571 2491 646 2536 cnm
678 2473 795 2538 adhuc*
821 2475 1095 2542 cansttntissime
1108 2478 1273 2540 rationem

210 2605 299 2657 eam,
326 2579 413 2644 unde
442 2596 504 2658 ego
524 2577 649 2639 inalia
671 2576 966 2654 urraniandiscedo,¹
984 2580 1094 2644 tuitus
1114 2579 1272 2642 videatur

208 2689 252 2752 ad
281 2686 370 2749 hunc
398 2681 543 2743 martimo
570 2679 771 2760 respiciam:
799 2679 912 2744 omnia
929 2682 1090 2746 refutare
1113 2699 1180 2744 non
1203 2677 1274 2760 plu*

210 2797 277 2868 cet,
308 2784 395 2870 quod
417 2781 555 2846 etmihi
577 2779 753 2842 molestum
774 2786 863 2846 esset
885 2785 919 2844 et
941 2783 1114 2862 molestius
1134 2780 1274 2863 legonti·

207 2896 283 2958 bus:
314 2907 390 2951 nam
412 2883 466 2948 vel
488 2884 540 2946 sic
562 2887 698 2964 praeter
719 2901 843 2948 morem
864 2890 1015 2949 nostrum
1036 2883 1127 2962 longi
1147 2881 1272 2944 fuimus
1308 2913 1325 2930 κ

206 2999 242 3060 in
266 2995 381 3066 rebus,
405 2992 440 3049 ut
462 2981 762 3062 ninivitarum,
785 2983 987 3050 manifestis.
1034 2981 1101 3048 Sed
1123 3001 1178 3045 res
1199 2979 1270 3044 sor.

201 3100 288 3162 tlter
308 3087 533 3176 aggredienda
553 3091 639 3152 erat.
688 3086 890 3152 Delibarunt
911 3085 997 3178 haec
1018 3081 1153 3167 quidam
1168 3103 1272 3149 ‚meae

207 3196 392 3263 sententiae
424 3189 562 3267 astices,
601 3200 638 3252 ut
668 3185 905 3264 Tlrierschius‚
939 3183 1160 3251 Welckerust
1195 3186 1272 3270 plus

141 3323 146 3340 ι
207 3296 377 3384 praestitit
400 3293 444 3356 in
474 3291 610 3375 egregia
642 3288 920 3356 commentatione
952 3288 1188 3368 Twestepius,
1209 3288 1272 3356 sed

206 3404 335 3466 textum
367 3395 494 3477 ipsum,
528 3391 617 3474 qnod
645 3395 715 3472 jam
747 3393 814 3452 tum
845 3387 1015 3458 intellexit
1045 3391 1271 3454 necessarium

206 3521 281 3566 esse
308 3501 355 3582 (p.
383 3497 436 3561 65.
457 3499 562 3578 squ),
587 3511 630 3556 ex
652 3491 836 3582 rationibus
857 3489 946 3569 suls,
963 3505 998 3554 :a
1017 3492 1140 3574 quibus
1162 3499 1271 3558 tamen

206 3603 292 3686 ipsis
310 3618 374 3662 nos
391 3597 600 3689 aliqua-atum
623 3591 843 3673 discedimus,
865 3590 1059 3661 describere
1081 3614 1147 3657 nou
1169 3593 1270 3658 susti-

204 3705 292 3770 nuit'
336 3699 673 3784 Equidem-quantae
708 3713 762 3758 res
799 3695 844 3762 sit
871 3694 964 3758 aleae
990 3715 1053 3762 nec
1074 3697 1188 3770 nescio
1210 3713 1272 3758 nec
1338 3743 1343 3749 .
1430 3781 1431 3788 ἵ

133 3885 135 3888 ,
207 3802 399 3872 dissimulet
419 3798 478 3864 sed
502 3799 574 3862 ausi
596 3815 710 3862 summ
731 3796 873 3886 aliquid
895 3798 927 3862 si
949 3796 985 3860 in
993 3802 1271 3878 utramquepar-

126 3896 131 3905 ’
206 3915 274 3972 tem
296 3907 425 3968 textum
444 3899 645 3967 haberemus
665 3899 880 3983 descriptum
899 3903 935 3963 et
954 3899 1062 3962 oculis
1083 3900 1268 3978 subiectum

206 4011 243 4074 id
264 4005 408 4078 maxime
428 3999 543 4068 studia
562 4003 786 4068 excitaturum
808 4004 843 4066 et
863 4000 907 4067 ad
927 4000 1103 4085 veritatem
1123 3997 1272 4066 efficien-
