2888 4734
185 1971 190 1980 .
314 1870 342 1946 ὦ
368 1871 504 1970 φίλοι,
530 1868 670 1970 οὖγᾶρ
686 1872 714 1947 τ’·
736 1873 853 1964 ἴδμεν
870 1875 957 1972 ὅπῃ
979 1876 1105 1973 ζόφος

413 2005 415 2012 ·
561 1978 644 2053 or’rd'
663 1976 858 2073 ὅπῃήὥς.
949 2021 953 2031 =

174 2141 343 2249 Hesiodi
364 2177 501 2259 operum
523 2177 561 2239 ot
579 2174 710 2242 dierum
731 2171 921 2258 editiones,¹
934 2105 1050 2262 lpualeu
1069 2174 1244 2244 hodieha·

137 2350 143 2362 ⁴
175 2270 308 2362 bernus,
328 2279 478 2364 jamdiu
497 2279 552 2343 est
575 2298 623 2344 ex
643 2299 711 2364 quo
731 2281 811 2346 sino
825 2279 1056 2365 indignatione
1076 2280 1244 2364 inspicere

175 2404 244 2452 non
265 2401 452 2467 possumus.
471 2430 474 2436 -
495 2380 591 2458 Quae
607 2381 693 2446 mihi
712 2381 902 2467 indignatio
924 2381 1011 2450 hano
1031 2385 1175 2450 extorsit
1193 2383 1245 2448 di·
1301 2407 1304 2416 ¹

64 2555 69 2562 x
178 2486 471 2571 sputatiunculam.
518 2483 608 2550 Nara
634 2483 762 2547 licebat
786 2483 968 2565 subirasci,
996 2485 1087 2568 quod
1113 2487 1244 2550 invete-

178 2595 275 2654 ratae
296 2595 426 2652 tantunr
446 2586 522 2651 tlari
544 2584 698 2670 opinioni
717 2585 968 2668 postulabatur,
990 2593 1028 2650 ut
1048 2586 1190 2651 confusa
1210 2591 1246 2650 et

177 2691 377 2758 conturbata
405 2690 489 2754 bene
514 2693 549 2753 et
575 2687 672 2771 plane
699 2686 883 2771 procedere
903 2686 1132 2753 crederemus:
1154 2687 1245 2771 quod

176 2795 310 2875 priscae
330 2791 515 2875 sapientiae
526 2795 739 2856 monumenta
748 2789 881 2855 bellatis
891 2789 1069 2856 sententiis
1086 2790 1246 2854 brevibus

144 2915 147 2922 ·
178 2915 245 2980 quo
266 2892 527 2958 narratiunculis
546 2893 705 2958 conclusa
714 2891 906 2958 adventicio
916 2891 1083 2956 inculceto
1094 2911 1247 2962 connexu

179 2999 230 3062 ita
251 2993 542 3076 delorrnabantur,
563 3007 707 3080 atquae
728 3014 804 3057 curn
824 2995 999 3078 voluptate
1018 2994 1086 3076 legi
1097 3007 1245 3078 possent,

179 3100 212 3163 si
232 3105 326 3164 recte
347 3097 554 3181 legerentur,
582 3115 687 3182 paene
708 3095 861 3167 taediosa
886 3094 1026 3175 tierent,
1053 3115 1270 3182 omnemque

182 3201 386 3284 elegantiam
413 3205 592 3264 exuerent·
630 3199 796 3283 Equidem
818 3217 894 3262 cum
914 3196 1103 3276 complures
1123 3195 1247 3264 abhinc

150 3365 159 3375 ,
182 3321 288 3370 annos
310 3302 577 3368 adolescentibus
597 3301 663 3366 hoc
684 3321 818 3366 carmen
840 3299 1068 3382 explicaturus
1089 3303 1249 3368 aerariis

180 3404 383 3470 eifdiversis
403 3407 624 3470 conturbarer
633 3403 846 3488 opinionibus
856 3401 930 3466 sola
947 3400 1088 3486 Spobnii
1101 3404 1250 3470 editione

183 3504 443 3590 adsumpturus
474 3507 679 3573 insinuarem
705 3506 790 3570 illuc
817 3522 896 3567 mox
923 3503 1064 3570 videbar
1085 3511 1249 3590 persenti·

183 3625 279 3672 scere
300 3608 384 3692 quid
411 3608 461 3672 rei
483 3615 588 3686 esset„
603 3613 644 3676 <et
665 3628 763 3692 quarn
785 3625 829 3672 ex
849 3603 934 3688 ipsis
955 3610 1132 3676 sententiis
1151 3611 1250 3676 imbi-

101 3791 104 3796 .
184 3709 299 3774 beram
338 3710 548 3796 opinionem,
580 3705 625 3776 ea*
653 3707 944 3778 observationibus
977 3711 1174 3794 quibusdam
1207 3711 1250 3778 de
1375 3778 1382 3802 ,

174 3810 426 3877 sententiarum
447 3813 666 3878 adornatione
685 3818 805 3891 sponte
825 3809 947 3874 oblatis
968 3811 1167 3878 confirmata
1189 3827 1248 3880 ast.

183 3913 230 3976 Et
258 3915 349 3980 sensi
369 3915 517 3991 sortasse
537 3913 674 3980 facilius
695 3915 737 3979 ob
758 3911 824 3977 hoc
845 3913 968 3996 ipsum,
997 3913 1087 3998 quod
1107 3912 1250 3998 Spobnii

183 4014 367 4082 editionem
387 4018 610 4104 arripueram.
659 4018 725 4084 llle
751 4019 839 4081 eninr
865 4013 932 4080 boc
957 4033 1057 4079 unum
1078 4021 1114 4082 et
1139 4023 1251 4084 conti-

176 4121 180 4136 ·
958 4118 1028 4181 12*
