2886 4728
236 341 287 420 16
665 332 667 340 '
1093 349 1227 407 ‘s

319 542 406 622 ilua,
425 540 511 606 adde
531 557 644 606 mores
665 539 800 612 heroum
823 543 975 609 evolutos
1003 545 1049 620 (v.
1074 546 1169 625 lli),
1198 547 1295 617 tabu-

176 697 181 704 „
235 645 343 711 lasura
374 643 655 722 enarrationes),
684 645 839 730 denique,
870 666 954 724 quae
981 648 1054 710 sine
1082 647 1184 712 dubio
1217 667 1297 732 pars

192 775 197 782 ι
235 744 463 830 maganloh,
491 745 741 810 adhortationes
762 746 962 810 uirtutiset
984 757 1159 831 praecepta
1188 771 1299 816 mora-

234 851 294 929 lia,
316 869 363 914 ex
380 848 551 914 veteribus
572 848 681 932 poetis
702 846 825 920 elicita,
848 850 982 930 saepius
1007 849 1184 927 inculcata,
1207 852 1297 936 quod

232 951 363 1035 gemisp
382 950 413 1015 si
435 950 470 1014 in
493 949 561 1012 illis
582 950 784 1041 temporibus
804 948 1026 1023 subsistimus,
1049 969 1091 1014 ex
1112 951 1298 1036 Plutarcho

152 1131 161 1154 ἱ
234 1062 267 1117 et
283 1049 490 1134 Porphyrio,
513 1049 677 1134 qui-illud
699 1069 793 1113 suum
806 1043 951 1118 διδάσκει
983 1047 1020 1116 dd
1048 1043 1066 1112 d
1094 1051 1234 1140 ποιητὴς
1255 1053 1299 1118 ad

235 1153 382 1218 taedium
418 1171 522 1234 usque
548 1149 717 1228 decantat,
746 1153 972 1234 cognovimus,
1026 1151 1165 1217 Revoca
1197 1155 1299 1220 etiam

233 1257 269 1318 in
298 1254 491 1318 memoriam
520 1252 733 1335 quaestiones
754 1253 897 1318 solutas:
926 1261 961 1318 et
982 1237 1152 1338 intelliges
1174 1264 1302 1340 quanta

234 1361 269 1421 in
295 1353 350 1422 his
377 1355 708 1437 interpretationibus
729 1357 882 1438 expromi
904 1357 1053 1438 potuerit
1074 1355 1242 1423 facundia.
1267 1405 1275 1414 .

308 1525 360 1586 ¹lu
390 1523 583 1607 Alexandro
611 1530 786 1607 praeterea
814 1523 1010 1606 notandum,
1040 1527 1185 1590 maxime
1213 1547 1298 1606 eum,

178 1663 184 1673 ·
236 1635 274 1690 nt
296 1645 337 1690 ex
359 1632 433 1687 tota
454 1618 619 1696 Aristidis
646 1626 787 1709 epistola
808 1632 963 1708 apparet,
993 1629 1108 1710 pueris
1130 1629 1300 1693 et'adole-

239 1726 400 1793 seentulis
426 1725 645 1790 instituendis
670 1746 805 1810 operam
835 1729 980 1793 dedisse.
1025 1728 1061 1792 Si
1084 1727 1301 1814 nihilominus

236 1833 279 1894 ab
300 1826 472 1892 faciundis
492 1834 620 1892 tantum
641 1827 770 1912 gloriae
791 1835 909 1894 unctus
930 1836 990 1902 est,
1015 1839 1135 1913 quanto
1153 1829 1302 1896 hooma-

238 1935 290 2018 gis
311 1930 386 2002 fieri
410 1935 557 2012 poterat,
585 1931 615 1996 si
638 1931 714 2012 quis
737 1921 976 2013 elegantiorum
998 1930 1166 1996 hominum
1188 1934 1300 1998 circu..

240 2035 291 2100 los
312 2031 537 2113 congregabat
559 2035 672 2115 poetas
704 2036 838 2110 veteres
859 2052 903 2098 ex
924 2051 984 2100 oro
1005 2053 1066 2100 suo
1088 2042 1301 2121 excepturos.

244 2521 330 2573 sume,
343 2502 500 2562 utriuslibet
517 2502 638 2559 auctoris
647 2503 779 2560 earmina:
798 2521 867 2573 quae
884 2515 911 2560 tu
922 2505 961 2562 ita
972 2505 1122 2572 resolvisti,
1140 2517 1168 2563 ut
1179 2509 1305 2578 quamvis

242 2598 379 2646 struetma
395 2592 505 2647 illorum
523 2589 669 2645 recesserit
685 2600 840 2662 permaneat
866 2601 953 2646 tamen
970 2593 1069 2660 gratia.
1097 2593 1145 2646 Sic
1163 2594 1234 2647 enim
1256 2595 1306 2648 illa

243 2693 281 2730 ex
306 2677 362 2730 alia
386 2677 480 2746 lingua
506 2675 534 2729 in
560 2675 642 2728 aliam
669 2674 839 2740 transtulisti,
862 2686 892 2730 ut
913 2677 996 2742 <quod
1019 2676 1212 2732 dittieiliirnum
1235 2683 1305 2740 erat)
1379 2661 1383 2684 ἱ

242 2776 336 2815 omnes
359 2761 472 2816 virtutes
491 2762 517 2815 in
536 2761 651 2815 alienam
669 2769 697 2812 te
714 2759 864 2816 orationem
884 2772 991 2816 secutae
1009 2761 1086 2815 siut·
1107 2763 1202 2817 -Ex
1221 2763 1304 2819 Statii

242 2847 305 2900 loco
323 2856 449 2916 putamus
464 2844 606 2914 explicari
624 2845 787 2898 Frontonem
806 2846 840 2899 ed
857 2845 896 2900 M.
915 2846 993 2900 Caes.
1011 2848 1046 2902 de
1063 2847 1155 2914 eloqu.
1172 2853 1198 2906 9.
1217 2866 1243 2916 p.
1261 2853 1305 2906 tlt.

242 2931 444 2998 Philosophiae
471 2933 623 2986 studiosum
645 2929 761 2999 opponit
780 2929 943 2993 ¹rhetoricae
968 2949 1080 3002 operam
1104 2931 1222 2986 novanti.
1262 2932 1307 2986 Il-

244 3017 298 3074 lius
319 3019 404 3074 mutto
426 3018 514 3072 minus
538 3016 705 3072 laboriosam
729 3032 841 3082 operam
863 3032 939 3084 esse,
957 3017 1067 3087 'quippe
1087 3015 1144 3068 »cui
1166 3016 1237 3070 nihil
1253 3033 1306 3086 per

245 3113 351 3156 noctem
378 3103 561 3157 meditandum
591 3111 637 3154 aut
664 3099 906 3167 conscribendum,
928 3101 999 3153 nihil
1031 3099 1161 3166 magistro
1187 3101 1306 3156 recitan-

244 3189 322 3252 dum,
345 3186 415 3242 nihil
443 3189 479 3242 de
505 3184 636 3240 memoria
667 3185 913 3253 pronuntiandum,
946 3185 1021 3238 nulla
1052 3188 1198 3238 verborum
1224 3185 1305 3260 inda·

243 3271 332 3337 gotio,
358 3272 460 3325 nullius
486 3269 635 3343 synonymi
662 3279 782 3333 omarus,
801 3269 869 3322 nillil
887 3268 921 3320 de
938 3269 1077 3322 Graeco
1070 3286 1097 3322 m
1115 3279 1232 3356 uostrprn
1251 3272 1308 3327 lin-

240 3355 683 3422 guampurirervenendumc.
702 3351 1002 3407 Heindortiusmavult
1022 3353 1178 3418 rsteliciter,
1186 3325 1307 3429 sedpa-

245 3441 315 3494 riter
335 3449 443 3494 vertere
464 3439 518 3493 erit
544 3438 622 3506 quasi
650 3436 712 3504 pari
737 3437 834 3504 gradu,
860 3445 889 3488 ut
914 3437 1018 3506 pariter
1044 3439 1122 3492 eadat
1149 3439 1238 3494 oratio
1258 3441 1308 3503 (ct.

246 3525 306 3580 cte.
335 3533 405 3579 orat.
428 3526 481 3592 lo),
498 3524 577 3585 ,colo
594 3522 678 3587 cotie,
706 3531 837 3574 commata
864 3521 1003 3574 commatis
1023 3522 1219 3589 respondeant,
1249 3539 1305 3578 non
1352 3530 1355 3538 '

247 3607 402 3674 deficiente,
419 3613 450 3662 ul
467 3617 565 3676 sponte
584 3605 754 3672 intelligitur.
773 3603 907 3658 orationis
919 3605 1016 3672 gratia.
1052 3605 1142 3662 Vides
1153 3609 1236 3672 igitur
1254 3609 1308 3661 hoe

248 3692 277 3749 in
305 3693 443 3747 rhetorum
469 3679 582 3762 quoque
605 3692 708 3746 scholis
732 3699 760 3744 et
785 3688 964 3744 exercitatum
986 3699 1013 3742 et
1030 3690 1058 3744 in
1076 3690 1173 3760 prims
1189 3691 1308 3748 difficile

250 3778 398 3833 iumentum
415 3793 486 3832 esse.
1259 3767 1263 3774 ⁴

316 3915 341 3976 *i
358 3914 450 3980 Tales,
474 3913 567 3980 quales
589 3911 618 3966 in
641 3908 817 3968 brevioribus
840 3907 955 3967 scholiis
973 3911 1102 3968 habemur
1118 3910 1179 3980 (D),
1196 3909 1314 3983 preme·-

250 4015 304 4088 que
321 3997 416 4070 putere
437 4006 588 4054 crematae.
