2886 4728
230 309 283 386 ta
513 255 1173 410 “,“ ,

231 528 241 547 ·
287 511 446 604 ‘otram
469 509 556 577 dicit
582 508 777 597 quibasdam
806 507 890 576 dans
914 515 1028 596 pamas
1047 515 1210 583 orationis
1230 517 1283 580 vi-

228 613 319 680 derl:
343 620 460 697 putare
481 615 567 677 enirn
590 633 633 677 ex
653 615 730 676 loco
740 613 921 676 Homerico
937 615 1118 678 orM-Ad
1127 608 1283 702 μιιόοιιι,

228 715 285 776 ubi
312 735 377 778 nou
398 715 600 779 adverbialis
625 715 718 780 notio
744 716 974 798 requireretur
999 711 1044 793 εἰς
1073 711 1177 804 φυγήν
1184 713 1206 794 ,’
1224 719 1284 782 sed

227 817 317 880 solua
342 817 551 882 accusativus
579 809 700 902 φυγήν,
725 823 881 880 constare
901 815 944 880 de
966 813 1159 898 mensatim
1182 812 1281 904 aptiyo,

228 919 286 1000 qui
314 920 366 981 vel
391 939 450 1000 per
471 917 717 1004 metaplasmum
739 909 851 982 dictus
868 919 1025 1002 uideatur
1045 926 1083 984 at
1104 916 1210 986 σκέπα
1230 923 1286 990 rel

225 1018 276 1092 <ot
296 1017 383 1083 hauc
395 1019 801 1086 PtolemaoiAsculonitaa
822 1024 1016 1086 seutentiam
1033 1027 1118 1099 esse)
1140 1043 1160 1086 a
1180 1027 1285 1086 uomi-

226 1122 341 1184 uatiuo
371 1116 439 1207 φύξ
465 1112 627 1198 abludit
655 1117 693 1186 δέ
708 1121 823 1186 antem
845 1121 921 1186 hoo
942 1124 1035 1188 loco
1055 1129 1129 1188 siaa
1156 1123 1287 1206 siguifi-

222 1221 423 1288 cationedls
444 1223 569 1286 dictum
583 1223 703 1287 videri.
744 1223 910 1304 Attamen,
922 1223 1043 1308 inquit,
1057 1231 1167 1308 potest
1179 1226 1283 1288 etiam
1302 1288 1306 1296 ,

223 1320 289 1387 hoc
320 1325 395 1389 luco
428 1325 621 1390 adverbium
659 1343 732 1390 essa
771 1345 832 1407 par
871 1326 1057 1408 paragogen
1089 1326 1214 1389 sactum
1247 1333 1286 1390 ut

224 1417 354 1490 οἷἰιαδει
393 1445 469 1490 uam
501 1445 669 1510 paragoge
702 1445 936 1512 nonnunquam
971 1427 1059 1491 idem
1091 1417 1284 1510 significant

223 1546 299 1589 cum
315 1515 515 1610 'prototypis
535 1527 648 1617 (quam
670 1526 856 1588 doctrinam
879 1532 911 1591 el
930 1529 1127 1610 Apollonius
1148 1528 1283 1610 saepius

223 1629 394 1706 inculcat),
418 1620 606 1714 ιιιἼὸηθεν
626 1623 750 1709 μεδέων
771 1647 833 1710 pro
853 1620 934 1712 ‘Idus
954 1635 986 1691 ot
1007 1623 1141 1710 ἔκβαλεν
1173 1625 1284 1712 ἔκτοσε

222 1723 333 1814 χιιοός
359 1751 419 1812 pro
446 1721 560 1806 ἐκτός
592 1728 659 1794 Sed
681 1741 788 1792 utrum
810 1735 990 1804 statuetur,
1019 1739 1175 1795 accentus
1197 1730 1283 1796 nihil
1313 1772 1319 1780 -

226 1829 437 1894 ottficuttatts
465 1829 573 1898 habet.
616 1825 704 1894 'Nam
727 1832 755 1894 si
779 1835 829 1894 est
850 1830 1062 1925 accusativus
1083 1825 1188 1918 φύγα,
1217 1831 1283 1896 duo

226 1941 384 1994 accentus
413 1941 510 1996 erant
540 1923 629 2016 φῦγα
662 1927 700 1994 δι’
731 1937 765 1992 ut
802 1921 865 1993 Odi
851 1930 979 2012 ingenua
1000 1929 1055 2006 δέ,
1082 1934 1127 1998 si·
1135 1953 1198 1998 uon
1221 1940 1282 2013 est,

228 2024 353 2116 φύγαδε
369 2038 427 2094 est
448 2038 485 2095 ut
505 2023 627 2116 αγραδι
650 2050 724 2094 cum
746 2049 810 2092 unu
822 2039 980 2095 accentu.
1024 2033 1097 2116 Sic
1105 2040 1206 2108 certo,
1232 2035 1285 2097 iu-

200 2125 318 2214 'quit,
367 2133 477 2218 (plane
524 2139 560 2198 ut
593 2129 816 2218 Apollonius),
859 2131 928 2195 de
945 2118 1047 2200 ἅλαδε
1089 2137 1188 2202 etiam
1230 2156 1286 2204 ros

228 2231 329 2298 dubia
351 2238 452 2310 est*)

310 2333 417 2398 Unum
447 2333 548 2401 verbo
569 2333 717 2398 monebo.
757 2327 1002 2403 Commemorat
1022 2337 1215 2423 Apollonius
1236 2339 1284 2422 <p

227 2433 300 2510 592,
323 2435 364 2498 28
375 2435 463 2520 sqq)
485 2435 673 2520 quosdam,
667 2437 756 2523 qui
763 2436 920 2518 suspicati
944 2445 1056 2502 esseut
1081 2437 1286 2506 ΟΙΚΟΝΔΕ

119 2531 122 2538 ’
231 2557 304 2598 cum
327 2535 490 2602 similibus
513 2558 550 2602 re
571 2557 651 2604 vera
672 2536 832 2602 adverbia
855 2559 931 2624 essa
949 2544 982 2604 ab
1004 2561 1118 2606 ιιιιιιιι
1140 2521 1286 2606 vocabu-

229 2638 308 2717 lum,
330 2658 396 2701 uou
418 2642 552 2704 uomina
570 2660 646 2704 cum
669 2639 785 2704 addita
806 2641 1040 2706 coniunctione
1061 2639 1114 2708 dit
1145 2662 1285 2726 quorum

229 2739 376 2804 rationes
404 2743 543 2824 exponit
572 2741 682 2806 latius.
730 2743 887 2806 Attamen
913 2743 969 2806 vel
990 2761 1032 2804 ex
1053 2741 1124 2810 bac.
1139 2745 1285 2828 disputa-

229 2837 322 2903 tione
348 2833 449 2928 quam
472 2841 590 2910 firmus
616 2848 682 2904 tum
711 2843 800 2925 apud
821 2863 934 2910 omnes
955 2837 1128 2926 accentus,
1157 2846 1286 2928 dequo

229 2939 385 3023 diximus,
407 2945 510 3008 fuerit
529 2941 664 3008 videtur
686 2933 826 3010 elucere
870 2945 956 3030 Nam
989 2946 1096 3009 illos'
1088 2964 1179 3030 ipsos
1201 2946 1288 3010 dicit

227 3043 271 3108 ad
292 3052 471 3112 accentum
498 3035 688 3110 adhaesisse
716 3052 750 3109 et
777 3051 914 3127 propter
934 3051 1104 3112 accentum
1127 3065 1205 3110 suae
1235 3049 1286 3110 rei

229 3138 347 3209 dubios
368 3147 476 3214 fuisso
494 3150 570 3230 593,
594 3147 650 3210 18:
673 3152 708 3209 et
729 3145 929 3212 resoluturus
952 3167 1009 3214 eos
1027 3146 1222 3229 Apollonius
1243 3149 1287 3216 ab

229 3349 397 3454 naamani.
426 3335 499 3444 uuig
531 3345 593 3438 γὰρ
624 3343 716 3436 τρίτη
748 3341 818 3414 ἀπὸ
849 3339 1006 3428 attovs‘
987 3370 1008 3436 η
1030 3339 1285 3440 centonomium,

232 3518 452 3536 Ἣ

295 3636 320 3696 ‘l
336 3636 384 3690 Ex
401 3635 449 3690 tali
467 3634 650 3708 disputatione
666 3635 785 3698 (dixerat
802 3635 872 3706 euim
889 3635 924 3688 de
942 3635 1121 3704 dubitatione,
1140 3636 1185 3690 eui
1203 3653 1285 3691 roca·
1399 3655 1411 3684 s

111 3749 113 3752 ·
227 3719 319 3774 bulum
336 3721 543 3790 mvyutsausam
560 3721 669 3788 dedit,
651 3737 690 3774 ιιι
706 3719 1016 3778 catnoticattatoannia
1033 3720 1285 3794 epitomereliatum

157 3803 159 3808 '
228 3799 297 3858 illud
315 3807 413 3858 uadum
431 3801 548 3876 <piratii
992 3834 996 3836 ·

294 3891 376 3956 Apud
394 3891 563 3944 Eustatbiurn
580 3889 615 3944 ud
631 3891 670 3943 A.
687 3891 747 3946 tta
766 3907 791 3963 p
811 3895 877 3956 Sua,
899 3870 933 3952 ‘dd
951 3907 1046 3994 tarsus
1062 3891 1216 3961 exemplum
1233 3892 1286 3974 ba-

229 3957 286 4025 bes,
304 3968 333 4013 ut
322 3907 453 4016 pacbolia
469 3973 519 4016 otto
535 3974 591 4015 uou
607 3957 750 4030 intelligat.
