<?xml version="1.0" encoding="UTF-8"?>
<!DOCTYPE html PUBLIC "-//W3C//DTD XHTML 1.0 Transitional//EN"
    "http://www.w3.org/TR/xhtml1/DTD/xhtml1-transitional.dtd">
<html xmlns="http://www.w3.org/1999/xhtml" xml:lang="en" lang="en">
 <head>
  <title>
</title>
<meta http-equiv="Content-Type" content="text/html;charset=utf-8" />
  <meta name='ocr-system' content='tesseract 3.04.00' />
  <meta name='ocr-capabilities' content='ocr_page ocr_carea ocr_par ocr_line ocrx_word'/>
</head>
<body>
  <div class='ocr_page' id='page_1' title='image "./quaestionesepic02lehrgoog_0023.png"; bbox 0 0 2886 4728; ppageno 0'>
   <div class='ocr_carea' id='block_1_1' title="bbox 262 489 1438 832">
    <p class='ocr_par' dir='ltr' id='par_1_1' title="bbox 262 489 1438 832">
     <span class='ocr_line' id='line_1_1' title="bbox 263 489 1438 630; baseline -0.002 -18"><span class='ocrx_word' id='word_1_1' title='bbox 263 534 426 630; x_wconf 74' lang='lat' dir='ltr'>Delphini</span> <span class='ocrx_word' id='word_1_2' title='bbox 452 544 620 611; x_wconf 83' lang='lat' dir='ltr'><strong>amoribus</strong></span> <span class='ocrx_word' id='word_1_3' title='bbox 648 541 875 608; x_wconf 87' lang='lat' dir='ltr'><strong>historiolam·</strong></span> <span class='ocrx_word' id='word_1_4' title='bbox 892 542 944 608; x_wconf 84' lang='lat' dir='ltr'><strong>sic</strong></span> <span class='ocrx_word' id='word_1_5' title='bbox 971 561 1113 610; x_wconf 77' lang='lat' dir='ltr'><strong>exorsus</strong></span> <span class='ocrx_word' id='word_1_6' title='bbox 1138 518 1226 609; x_wconf 74' lang='lat' dir='ltr'><strong>erata</strong></span> <span class='ocrx_word' id='word_1_7' title='bbox 1246 493 1330 622; x_wconf 62' lang='lat' dir='ltr'><strong>„sal</strong></span> <span class='ocrx_word' id='word_1_8' title='bbox 1437 489 1438 552; x_wconf 83' lang='lat'><em>]</em></span> 
     </span>
     <span class='ocr_line' id='line_1_2' title="bbox 263 637 1328 733; baseline -0.006 -19"><span class='ocrx_word' id='word_1_9' title='bbox 263 641 364 726; x_wconf 65' lang='lat' dir='ltr'><strong>aazia</strong></span> <span class='ocrx_word' id='word_1_10' title='bbox 389 649 417 714; x_wconf 82' lang='grc' dir='ltr'><strong>δ’</strong></span> <span class='ocrx_word' id='word_1_11' title='bbox 446 638 504 714; x_wconf 79' lang='grc' dir='ltr'><strong>οὖν</strong></span> <span class='ocrx_word' id='word_1_12' title='bbox 535 637 623 712; x_wconf 79' lang='grc' dir='ltr'><strong><em>εἶδον</em></strong></span> <span class='ocrx_word' id='word_1_13' title='bbox 648 643 726 733; x_wconf 75' lang='grc' dir='ltr'><strong>περὶ</strong></span> <span class='ocrx_word' id='word_1_14' title='bbox 750 640 966 732; x_wconf 65' lang='grc' dir='ltr'><strong>Δικαιαρχίιν</strong></span> <span class='ocrx_word' id='word_1_15' title='bbox 981 672 1023 697; x_wconf 48' lang='lat'><strong>¹-</strong></span> <span class='ocrx_word' id='word_1_16' title='bbox 1047 645 1150 720; x_wconf 85' lang='lat' dir='ltr'><strong>(Geli.</strong></span> <span class='ocrx_word' id='word_1_17' title='bbox 1172 645 1254 726; x_wconf 86' lang='lat' dir='ltr'><strong>Vll,</strong></span> <span class='ocrx_word' id='word_1_18' title='bbox 1274 646 1328 723; x_wconf 80' lang='grc'><strong>8).</strong></span> 
     </span>
     <span class='ocr_line' id='line_1_3' title="bbox 262 745 1327 832; baseline -0.004 -18"><span class='ocrx_word' id='word_1_19' title='bbox 262 745 312 814; x_wconf 87' lang='lat' dir='ltr'><strong>Et</strong></span> <span class='ocrx_word' id='word_1_20' title='bbox 337 751 473 815; x_wconf 84' lang='lat' dir='ltr'><strong>viderat</strong></span> <span class='ocrx_word' id='word_1_21' title='bbox 498 749 573 814; x_wconf 89' lang='lat' dir='ltr'><strong>sine</strong></span> <span class='ocrx_word' id='word_1_22' title='bbox 602 748 704 812; x_wconf 90' lang='lat' dir='ltr'><strong>dubio</strong></span> <span class='ocrx_word' id='word_1_23' title='bbox 727 748 845 827; x_wconf 88' lang='lat' dir='ltr'><strong>molta,</strong></span> <span class='ocrx_word' id='word_1_24' title='bbox 876 751 933 832; x_wconf 89' lang='lat' dir='ltr'><strong>qui</strong></span> <span class='ocrx_word' id='word_1_25' title='bbox 956 747 1076 812; x_wconf 81' lang='lat' dir='ltr'><strong>multas</strong></span> <span class='ocrx_word' id='word_1_26' title='bbox 1098 754 1206 812; x_wconf 88' lang='lat' dir='ltr'><strong>terras</strong></span> <span class='ocrx_word' id='word_1_27' title='bbox 1229 746 1327 811; x_wconf 89' lang='lat' dir='ltr'><strong>vide-</strong></span> 
     </span>
    </p>
   </div>
   <div class='ocr_carea' id='block_1_2' title="bbox 263 843 1438 934">
    <p class='ocr_par' dir='ltr' id='par_1_2' title="bbox 263 843 1438 934">
     <span class='ocr_line' id='line_1_4' title="bbox 263 843 1438 934; baseline -0.004 -18"><span class='ocrx_word' id='word_1_28' title='bbox 263 858 332 934; x_wconf 90' lang='lat' dir='ltr'><strong>rat,</strong></span> <span class='ocrx_word' id='word_1_29' title='bbox 361 850 460 915; x_wconf 91' lang='lat' dir='ltr'><strong>bomo</strong></span> <span class='ocrx_word' id='word_1_30' title='bbox 484 853 653 915; x_wconf 73' lang='lat' dir='ltr'><strong>curiosuse</strong></span> <span class='ocrx_word' id='word_1_31' title='bbox 675 843 820 914; x_wconf 75' lang='lat' dir='ltr'><strong>attamen</strong></span> <span class='ocrx_word' id='word_1_32' title='bbox 842 849 919 928; x_wconf 86' lang='lat' dir='ltr'><strong>iam,</strong></span> <span class='ocrx_word' id='word_1_33' title='bbox 941 851 1077 932; x_wconf 90' lang='lat' dir='ltr'><strong>opinor,</strong></span> <span class='ocrx_word' id='word_1_34' title='bbox 1106 850 1188 913; x_wconf 84' lang='lat' dir='ltr'><strong>satls</strong></span> <span class='ocrx_word' id='word_1_35' title='bbox 1209 849 1328 932; x_wconf 81' lang='lat' dir='ltr'><strong>cogni·</strong></span> <span class='ocrx_word' id='word_1_36' title='bbox 1437 861 1438 922; x_wconf 86' lang='lat' dir='ltr'>j</span> 
     </span>
    </p>
   </div>
   <div class='ocr_carea' id='block_1_3' title="bbox 262 949 1327 1139">
    <p class='ocr_par' dir='ltr' id='par_1_3' title="bbox 262 949 1327 1139">
     <span class='ocr_line' id='line_1_5' title="bbox 263 949 1327 1034; baseline -0.004 -18"><span class='ocrx_word' id='word_1_37' title='bbox 263 959 334 1018; x_wconf 87' lang='lat' dir='ltr'><strong>tum</strong></span> <span class='ocrx_word' id='word_1_38' title='bbox 362 953 519 1019; x_wconf 87' lang='lat' dir='ltr'><strong>habemus</strong></span> <span class='ocrx_word' id='word_1_39' title='bbox 547 951 636 1017; x_wconf 88' lang='lat' dir='ltr'><strong>hune</strong></span> <span class='ocrx_word' id='word_1_40' title='bbox 662 952 910 1032; x_wconf 70' lang='lat' dir='ltr'>ventilatorem,</span> <span class='ocrx_word' id='word_1_41' title='bbox 938 971 1001 1014; x_wconf 85' lang='lat' dir='ltr'><strong>neo</strong></span> <span class='ocrx_word' id='word_1_42' title='bbox 1029 950 1219 1034; x_wconf 85' lang='lat' dir='ltr'><strong>putabimus</strong></span> <span class='ocrx_word' id='word_1_43' title='bbox 1242 949 1327 1012; x_wconf 90' lang='lat' dir='ltr'><strong>reli-</strong></span> 
     </span>
     <span class='ocr_line' id='line_1_6' title="bbox 262 1051 1326 1139; baseline -0.004 -21"><span class='ocrx_word' id='word_1_44' title='bbox 262 1057 353 1139; x_wconf 84' lang='lat' dir='ltr'><strong>gioni</strong></span> <span class='ocrx_word' id='word_1_45' title='bbox 384 1058 415 1118; x_wconf 90' lang='lat' dir='ltr'><strong>ei</strong></span> <span class='ocrx_word' id='word_1_46' title='bbox 443 1056 547 1119; x_wconf 85' lang='lat' dir='ltr'><strong>fuisse</strong></span> <span class='ocrx_word' id='word_1_47' title='bbox 569 1073 800 1136; x_wconf 83' lang='lat' dir='ltr'><strong>nonnunquam</strong></span> <span class='ocrx_word' id='word_1_48' title='bbox 823 1054 921 1116; x_wconf 85' lang='lat' dir='ltr'><strong>etiam</strong></span> <span class='ocrx_word' id='word_1_49' title='bbox 944 1051 1116 1116; x_wconf 89' lang='lat' dir='ltr'><strong>oculorum</strong></span> <span class='ocrx_word' id='word_1_50' title='bbox 1139 1057 1172 1116; x_wconf 89' lang='lat' dir='ltr'><strong>et</strong></span> <span class='ocrx_word' id='word_1_51' title='bbox 1193 1051 1326 1115; x_wconf 83' lang='lat' dir='ltr'><strong>aurium</strong></span> 
     </span>
    </p>
   </div>
   <div class='ocr_carea' id='block_1_4' title="bbox 97 1143 1438 1236">
    <p class='ocr_par' dir='ltr' id='par_1_4' title="bbox 97 1143 1438 1236">
     <span class='ocr_line' id='line_1_7' title="bbox 97 1143 1438 1236; baseline -0.001 -18"><span class='ocrx_word' id='word_1_52' title='bbox 97 1143 101 1156; x_wconf 59' lang='lat'>⁸</span> <span class='ocrx_word' id='word_1_53' title='bbox 197 1221 202 1228; x_wconf 75' lang='grc'><em>,</em></span> <span class='ocrx_word' id='word_1_54' title='bbox 262 1177 398 1230; x_wconf 83' lang='lat' dir='ltr'><strong>suarum</strong></span> <span class='ocrx_word' id='word_1_55' title='bbox 419 1156 649 1220; x_wconf 89' lang='lat' dir='ltr'><strong>auctoritatem</strong></span> <span class='ocrx_word' id='word_1_56' title='bbox 672 1155 836 1232; x_wconf 87' lang='lat' dir='ltr'><strong>ementiri,</strong></span> <span class='ocrx_word' id='word_1_57' title='bbox 858 1158 895 1217; x_wconf 90' lang='lat' dir='ltr'><strong>ut</strong></span> <span class='ocrx_word' id='word_1_58' title='bbox 916 1153 959 1218; x_wconf 85' lang='lat' dir='ltr'><strong>de</strong></span> <span class='ocrx_word' id='word_1_59' title='bbox 980 1173 1016 1217; x_wconf 87' lang='lat' dir='ltr'><strong>se</strong></span> <span class='ocrx_word' id='word_1_60' title='bbox 1038 1154 1111 1236; x_wconf 89' lang='lat' dir='ltr'><strong>ipse</strong></span> <span class='ocrx_word' id='word_1_61' title='bbox 1128 1153 1325 1236; x_wconf 88' lang='lat' dir='ltr'><strong>loqueretur</strong></span> <span class='ocrx_word' id='word_1_62' title='bbox 1437 1181 1438 1186; x_wconf 44' lang='lat'>¹</span> 
     </span>
    </p>
   </div>
   <div class='ocr_carea' id='block_1_5' title="bbox 214 1255 1346 1948">
    <p class='ocr_par' dir='ltr' id='par_1_5' title="bbox 214 1255 1346 1948">
     <span class='ocr_line' id='line_1_8' title="bbox 263 1255 1321 1340; baseline -0.003 -17"><span class='ocrx_word' id='word_1_63' title='bbox 263 1263 297 1323; x_wconf 89' lang='lat' dir='ltr'><strong>et</strong></span> <span class='ocrx_word' id='word_1_64' title='bbox 311 1278 351 1322; x_wconf 91' lang='lat' dir='ltr'><strong>eo</strong></span> <span class='ocrx_word' id='word_1_65' title='bbox 369 1259 471 1340; x_wconf 82' lang='lat' dir='ltr'><strong>magis</strong></span> <span class='ocrx_word' id='word_1_66' title='bbox 488 1257 530 1321; x_wconf 91' lang='lat' dir='ltr'><strong>ad</strong></span> <span class='ocrx_word' id='word_1_67' title='bbox 542 1255 1167 1338; x_wconf 77' lang='lat' dir='ltr'><strong>admirationemerlgeretaudientiam</strong></span> <span class='ocrx_word' id='word_1_68' title='bbox 1181 1257 1321 1321; x_wconf 85' lang='lat' dir='ltr'><strong>animos.</strong></span> 
     </span>
     <span class='ocr_line' id='line_1_9' title="bbox 261 1351 1325 1440; baseline -0.004 -16"><span class='ocrx_word' id='word_1_69' title='bbox 261 1359 321 1424; x_wconf 90' lang='lat' dir='ltr'><strong>Sic</strong></span> <span class='ocrx_word' id='word_1_70' title='bbox 349 1361 391 1422; x_wconf 91' lang='lat' dir='ltr'><strong>de</strong></span> <span class='ocrx_word' id='word_1_71' title='bbox 420 1360 499 1423; x_wconf 94' lang='lat' dir='ltr'><strong>ludo</strong></span> <span class='ocrx_word' id='word_1_72' title='bbox 524 1351 848 1440; x_wconf 78' lang='lat' dir='ltr'><strong>calculorum‚‘quo</strong></span> <span class='ocrx_word' id='word_1_73' title='bbox 877 1363 1014 1420; x_wconf 84' lang='lat' dir='ltr'><strong>utuntur</strong></span> <span class='ocrx_word' id='word_1_74' title='bbox 1036 1359 1128 1439; x_wconf 83' lang='lat' dir='ltr'><strong>proci</strong></span> <span class='ocrx_word' id='word_1_75' title='bbox 1151 1358 1184 1419; x_wconf 88' lang='lat' dir='ltr'><strong>in</strong></span> <span class='ocrx_word' id='word_1_76' title='bbox 1206 1355 1325 1440; x_wconf 87' lang='lat' dir='ltr'><strong>Odys·</strong></span> 
     </span>
     <span class='ocr_line' id='line_1_10' title="bbox 261 1457 1323 1544; baseline -0.002 -22"><span class='ocrx_word' id='word_1_77' title='bbox 261 1480 335 1540; x_wconf 87' lang='lat' dir='ltr'><strong>sea,</strong></span> <span class='ocrx_word' id='word_1_78' title='bbox 371 1461 432 1524; x_wconf 88' lang='lat' dir='ltr'><strong>illa</strong></span> <span class='ocrx_word' id='word_1_79' title='bbox 461 1461 570 1543; x_wconf 89' lang='lat' dir='ltr'><strong>lepide</strong></span> <span class='ocrx_word' id='word_1_80' title='bbox 592 1459 716 1544; x_wconf 84' lang='lat' dir='ltr'><strong>callida</strong></span> <span class='ocrx_word' id='word_1_81' title='bbox 744 1458 936 1541; x_wconf 80' lang='lat' dir='ltr'><strong>proferens,</strong></span> <span class='ocrx_word' id='word_1_82' title='bbox 963 1476 1001 1522; x_wconf 85' lang='lat' dir='ltr'><strong>so</strong></span> <span class='ocrx_word' id='word_1_83' title='bbox 1028 1459 1138 1541; x_wconf 86' lang='lat' dir='ltr'><strong>qualis</strong></span> <span class='ocrx_word' id='word_1_84' title='bbox 1160 1457 1264 1521; x_wconf 80' lang='lat' dir='ltr'><strong>fuerit</strong></span> <span class='ocrx_word' id='word_1_85' title='bbox 1285 1459 1323 1520; x_wconf 87' lang='lat' dir='ltr'><strong>in</strong></span> 
     </span>
     <span class='ocr_line' id='line_1_11' title="bbox 246 1555 1346 1648; baseline 0.001 -25"><span class='ocrx_word' id='word_1_86' title='bbox 246 1561 334 1646; x_wconf 78' lang='lat' dir='ltr'><strong>¹ipsa</strong></span> <span class='ocrx_word' id='word_1_87' title='bbox 356 1562 473 1626; x_wconf 84' lang='lat' dir='ltr'><strong>Ithaca</strong></span> <span class='ocrx_word' id='word_1_88' title='bbox 495 1560 834 1648; x_wconf 61' lang='lat' dir='ltr'><strong>aCtesoneaudisse</strong></span> <span class='ocrx_word' id='word_1_89' title='bbox 849 1562 1027 1626; x_wconf 75' lang='lat' dir='ltr'><strong>enarrabat</strong></span> <span class='ocrx_word' id='word_1_90' title='bbox 1048 1559 1135 1633; x_wconf 87' lang='lat' dir='ltr'><strong>(slve</strong></span> <span class='ocrx_word' id='word_1_91' title='bbox 1147 1558 1213 1622; x_wconf 84' lang='lat' dir='ltr'><strong>fuit</strong></span> <span class='ocrx_word' id='word_1_92' title='bbox 1232 1555 1346 1624; x_wconf 60' lang='lat' dir='ltr'><strong>liba-</strong></span> 
     </span>
     <span class='ocr_line' id='line_1_12' title="bbox 260 1649 1323 1742; baseline -0.002 -16"><span class='ocrx_word' id='word_1_93' title='bbox 260 1683 320 1726; x_wconf 85' lang='lat' dir='ltr'><strong>eae</strong></span> <span class='ocrx_word' id='word_1_94' title='bbox 349 1666 421 1726; x_wconf 87' lang='lat' dir='ltr'><strong>sive</strong></span> <span class='ocrx_word' id='word_1_95' title='bbox 449 1684 516 1728; x_wconf 89' lang='lat' dir='ltr'><strong>non</strong></span> <span class='ocrx_word' id='word_1_96' title='bbox 542 1663 625 1742; x_wconf 81' lang='lat' dir='ltr'><strong>fuit,</strong></span> <span class='ocrx_word' id='word_1_97' title='bbox 652 1663 725 1726; x_wconf 88' lang='lat' dir='ltr'><strong>siue</strong></span> <span class='ocrx_word' id='word_1_98' title='bbox 753 1661 860 1724; x_wconf 80' lang='lat' dir='ltr'><strong>audiit</strong></span> <span class='ocrx_word' id='word_1_99' title='bbox 881 1649 960 1724; x_wconf 48' lang='lat' dir='ltr'><strong>¹uiue</strong></span> <span class='ocrx_word' id='word_1_100' title='bbox 981 1680 1046 1724; x_wconf 92' lang='lat' dir='ltr'><strong>non</strong></span> <span class='ocrx_word' id='word_1_101' title='bbox 1068 1660 1200 1736; x_wconf 79' lang='lat' dir='ltr'><strong>audiit).</strong></span> <span class='ocrx_word' id='word_1_102' title='bbox 1242 1658 1323 1724; x_wconf 87' lang='lat' dir='ltr'><strong>Non</strong></span> 
     </span>
     <span class='ocr_line' id='line_1_13' title="bbox 258 1759 1323 1847; baseline -0.003 -20"><span class='ocrx_word' id='word_1_103' title='bbox 258 1767 353 1827; x_wconf 89' lang='lat' dir='ltr'><strong>novit</strong></span> <span class='ocrx_word' id='word_1_104' title='bbox 374 1765 493 1847; x_wconf 86' lang='lat' dir='ltr'><strong>vulgus</strong></span> <span class='ocrx_word' id='word_1_105' title='bbox 517 1763 702 1844; x_wconf 88' lang='lat' dir='ltr'><strong>hominum,</strong></span> <span class='ocrx_word' id='word_1_106' title='bbox 724 1761 887 1845; x_wconf 82' lang='lat' dir='ltr'><strong>neuquid</strong></span> <span class='ocrx_word' id='word_1_107' title='bbox 910 1760 1011 1825; x_wconf 88' lang='lat' dir='ltr'><strong>hodie</strong></span> <span class='ocrx_word' id='word_1_108' title='bbox 1033 1759 1095 1825; x_wconf 89' lang='lat' dir='ltr'><strong>fiat</strong></span> <span class='ocrx_word' id='word_1_109' title='bbox 1116 1761 1323 1843; x_wconf 76' lang='lat' dir='ltr'><strong>observavit,</strong></span> 
     </span>
     <span class='ocr_line' id='line_1_14' title="bbox 214 1849 1323 1948; baseline -0.002 -20"><span class='ocrx_word' id='word_1_110' title='bbox 214 1910 217 1919; x_wconf 41' lang='grc' dir='ltr'><strong>ι</strong></span> <span class='ocrx_word' id='word_1_111' title='bbox 262 1865 320 1948; x_wconf 89' lang='lat' dir='ltr'><strong>qni</strong></span> <span class='ocrx_word' id='word_1_112' title='bbox 353 1866 437 1929; x_wconf 90' lang='lat' dir='ltr'><strong>talia</strong></span> <span class='ocrx_word' id='word_1_113' title='bbox 459 1865 712 1928; x_wconf 89' lang='lat' dir='ltr'><strong>admirationem</strong></span> <span class='ocrx_word' id='word_1_114' title='bbox 742 1849 778 1926; x_wconf 71' lang='lat' dir='ltr'><strong>¹et</strong></span> <span class='ocrx_word' id='word_1_115' title='bbox 811 1863 961 1946; x_wconf 86' lang='lat' dir='ltr'><strong>plausum</strong></span> <span class='ocrx_word' id='word_1_116' title='bbox 994 1865 1146 1932; x_wconf 79' lang='lat' dir='ltr'><strong>excitare</strong></span> <span class='ocrx_word' id='word_1_117' title='bbox 1178 1867 1323 1946; x_wconf 78' lang='lat' dir='ltr'><strong>atvero</strong></span> 
     </span>
    </p>
   </div>
   <div class='ocr_carea' id='block_1_6' title="bbox 258 1963 1438 2149">
    <p class='ocr_par' dir='ltr' id='par_1_6' title="bbox 258 1963 1438 2149">
     <span class='ocr_line' id='line_1_15' title="bbox 259 1963 1438 2052; baseline -0.003 -23"><span class='ocrx_word' id='word_1_118' title='bbox 259 1967 365 2038; x_wconf 67' lang='lat' dir='ltr'><strong>etiamr</strong></span> <span class='ocrx_word' id='word_1_119' title='bbox 398 1965 513 2052; x_wconf 87' lang='lat' dir='ltr'><strong>fidem</strong></span> <span class='ocrx_word' id='word_1_120' title='bbox 536 1966 699 2042; x_wconf 87' lang='lat' dir='ltr'><strong>invenire,</strong></span> <span class='ocrx_word' id='word_1_121' title='bbox 731 1965 883 2046; x_wconf 83' lang='lat' dir='ltr'><strong>quamvls</strong></span> <span class='ocrx_word' id='word_1_122' title='bbox 915 1963 983 2027; x_wconf 86' lang='lat' dir='ltr'><strong>sint</strong></span> <span class='ocrx_word' id='word_1_123' title='bbox 1013 1965 1145 2038; x_wconf 88' lang='lat' dir='ltr'><strong>inania,</strong></span> <span class='ocrx_word' id='word_1_124' title='bbox 1177 1964 1321 2030; x_wconf 77' lang='lat' dir='ltr'><strong>dubitet.</strong></span> <span class='ocrx_word' id='word_1_125' title='bbox 1437 2019 1438 2026; x_wconf 71' lang='grc'>,</span> 
     </span>
     <span class='ocr_line' id='line_1_16' title="bbox 258 2063 1438 2149; baseline 0 -19"><span class='ocrx_word' id='word_1_126' title='bbox 258 2069 369 2148; x_wconf 81' lang='lat' dir='ltr'><strong>Apion</strong></span> <span class='ocrx_word' id='word_1_127' title='bbox 386 2064 524 2149; x_wconf 85' lang='lat' dir='ltr'><strong>quidem</strong></span> <span class='ocrx_word' id='word_1_128' title='bbox 546 2065 743 2149; x_wconf 83' lang='lat' dir='ltr'><strong>prudentior</strong></span> <span class='ocrx_word' id='word_1_129' title='bbox 764 2070 838 2127; x_wconf 88' lang='lat' dir='ltr'><strong>erat</strong></span> <span class='ocrx_word' id='word_1_130' title='bbox 864 2069 897 2128; x_wconf 84' lang='lat' dir='ltr'><strong>et</strong></span> <span class='ocrx_word' id='word_1_131' title='bbox 925 2063 1007 2126; x_wconf 88' lang='lat' dir='ltr'><strong>illud</strong></span> <span class='ocrx_word' id='word_1_132' title='bbox 1033 2065 1153 2146; x_wconf 76' lang='lat' dir='ltr'><strong>vulgus</strong></span> <span class='ocrx_word' id='word_1_133' title='bbox 1181 2071 1321 2130; x_wconf 85' lang='lat' dir='ltr'><strong>noverat</strong></span> <span class='ocrx_word' id='word_1_134' title='bbox 1437 2079 1438 2096; x_wconf 66' lang='lat'>¹</span> 
     </span>
    </p>
   </div>
   <div class='ocr_carea' id='block_1_7' title="bbox 172 2165 1323 2354">
    <p class='ocr_par' dir='ltr' id='par_1_7' title="bbox 172 2165 1323 2354">
     <span class='ocr_line' id='line_1_17' title="bbox 256 2165 1323 2258; baseline 0.001 -27"><span class='ocrx_word' id='word_1_135' title='bbox 256 2167 386 2231; x_wconf 87' lang='lat' dir='ltr'><strong>melius.</strong></span> <span class='ocrx_word' id='word_1_136' title='bbox 434 2167 480 2232; x_wconf 86' lang='lat' dir='ltr'><strong>Et</strong></span> <span class='ocrx_word' id='word_1_137' title='bbox 507 2165 571 2229; x_wconf 88' lang='lat' dir='ltr'><strong>hoc</strong></span> <span class='ocrx_word' id='word_1_138' title='bbox 599 2186 697 2228; x_wconf 91' lang='lat' dir='ltr'><strong>unum</strong></span> <span class='ocrx_word' id='word_1_139' title='bbox 721 2171 876 2258; x_wconf 88' lang='lat' dir='ltr'><strong>testatum</strong></span> <span class='ocrx_word' id='word_1_140' title='bbox 899 2165 1044 2246; x_wconf 83' lang='lat' dir='ltr'><strong>laceret,</strong></span> <span class='ocrx_word' id='word_1_141' title='bbox 1072 2168 1138 2230; x_wconf 85' lang='lat' dir='ltr'><strong>nisi</strong></span> <span class='ocrx_word' id='word_1_142' title='bbox 1160 2168 1244 2232; x_wconf 85' lang='lat' dir='ltr'><strong>satis</strong></span> <span class='ocrx_word' id='word_1_143' title='bbox 1265 2187 1323 2232; x_wconf 79' lang='grc' dir='ltr'><strong>ιιι-</strong></span> 
     </span>
     <span class='ocr_line' id='line_1_18' title="bbox 172 2265 1321 2354; baseline 0.002 -21"><span class='ocrx_word' id='word_1_144' title='bbox 172 2315 174 2324; x_wconf 42' lang='grc' dir='ltr'><strong>ι</strong></span> <span class='ocrx_word' id='word_1_145' title='bbox 256 2289 381 2354; x_wconf 88' lang='lat' dir='ltr'><strong>perque</strong></span> <span class='ocrx_word' id='word_1_146' title='bbox 402 2269 620 2350; x_wconf 86' lang='lat' dir='ltr'><strong>undecunque</strong></span> <span class='ocrx_word' id='word_1_147' title='bbox 641 2268 800 2345; x_wconf 82' lang='lat' dir='ltr'><strong>eluceret,</strong></span> <span class='ocrx_word' id='word_1_148' title='bbox 830 2287 872 2331; x_wconf 88' lang='lat' dir='ltr'><strong>ne</strong></span> <span class='ocrx_word' id='word_1_149' title='bbox 893 2265 960 2332; x_wconf 89' lang='lat' dir='ltr'><strong>boo</strong></span> <span class='ocrx_word' id='word_1_150' title='bbox 980 2269 1113 2352; x_wconf 89' lang='lat' dir='ltr'><strong>quidem</strong></span> <span class='ocrx_word' id='word_1_151' title='bbox 1134 2266 1321 2351; x_wconf 84' lang='lat' dir='ltr'><strong>Josapbum</strong></span> 
     </span>
    </p>
   </div>
   <div class='ocr_carea' id='block_1_8' title="bbox 250 2365 1438 2587">
    <p class='ocr_par' dir='ltr' id='par_1_8' title="bbox 250 2365 1438 2566">
     <span class='ocr_line' id='line_1_19' title="bbox 256 2365 1438 2472; baseline 0.003 -39"><span class='ocrx_word' id='word_1_152' title='bbox 256 2371 346 2434; x_wconf 84' lang='lat' dir='ltr'><strong>ultra</strong></span> <span class='ocrx_word' id='word_1_153' title='bbox 367 2369 403 2432; x_wconf 89' lang='lat' dir='ltr'><strong>id</strong></span> <span class='ocrx_word' id='word_1_154' title='bbox 424 2369 515 2452; x_wconf 89' lang='lat' dir='ltr'><strong>quod</strong></span> <span class='ocrx_word' id='word_1_155' title='bbox 537 2383 651 2432; x_wconf 87' lang='lat' dir='ltr'><strong>verum</strong></span> <span class='ocrx_word' id='word_1_156' title='bbox 674 2373 726 2432; x_wconf 85' lang='lat' dir='ltr'><strong>est</strong></span> <span class='ocrx_word' id='word_1_157' title='bbox 748 2367 887 2472; x_wconf 81' lang='lat' dir='ltr'><strong>dixisse,</strong></span> <span class='ocrx_word' id='word_1_158' title='bbox 910 2389 984 2434; x_wconf 89' lang='lat' dir='ltr'><strong>eum</strong></span> <span class='ocrx_word' id='word_1_159' title='bbox 1006 2365 1121 2456; x_wconf 70' lang='lat' dir='ltr'><strong>„noodr</strong></span> <span class='ocrx_word' id='word_1_160' title='bbox 1143 2363 1323 2436; x_wconf 76' lang='grc' dir='ltr'><strong>πάνταιὸι</strong></span> <span class='ocrx_word' id='word_1_161' title='bbox 1437 2407 1438 2410; x_wconf 35' lang='lat'>¹</span> 
     </span>
     <span class='ocr_line' id='line_1_20' title="bbox 250 2445 1438 2587; baseline 0.003 -52"><span class='ocrx_word' id='word_1_162' title='bbox 250 2467 330 2554; x_wconf 63' lang='lat' dir='ltr'><strong>dios</strong></span> <span class='ocrx_word' id='word_1_163' title='bbox 338 2445 535 2554; x_wconf 80' lang='grc' dir='ltr'><em>ὀχλαγωγὸν</em></span> <span class='ocrx_word' id='word_1_164' title='bbox 556 2465 740 2587; x_wconf 74' lang='lat' dir='ltr'><strong>yeyona‘voe“</strong></span> <span class='ocrx_word' id='word_1_165' title='bbox 760 2477 880 2534; x_wconf 86' lang='lat' dir='ltr'><strong>contra</strong></span> <span class='ocrx_word' id='word_1_166' title='bbox 896 2471 959 2556; x_wconf 82' lang='lat' dir='ltr'><strong>Ap</strong></span> <span class='ocrx_word' id='word_1_167' title='bbox 981 2472 1029 2551; x_wconf 86' lang='lat'><strong>11,</strong></span> <span class='ocrx_word' id='word_1_168' title='bbox 1054 2478 1082 2536; x_wconf 90' lang='lat' dir='ltr'><strong>l.</strong></span> <span class='ocrx_word' id='word_1_169' title='bbox 1114 2471 1224 2536; x_wconf 86' lang='lat' dir='ltr'><strong>Multo</strong></span> <span class='ocrx_word' id='word_1_170' title='bbox 1251 2493 1345 2566; x_wconf 52' lang='lat' dir='ltr'><strong>me·⁴</strong></span> <span class='ocrx_word' id='word_1_171' title='bbox 1437 2543 1438 2550; x_wconf 9' lang='grc' dir='ltr'>χ</span> 
     </span>
    </p>
   </div>
   <div class='ocr_carea' id='block_1_9' title="bbox 256 2572 1342 2656">
    <p class='ocr_par' dir='ltr' id='par_1_9' title="bbox 256 2572 1342 2656">
     <span class='ocr_line' id='line_1_21' title="bbox 256 2572 1342 2656; baseline 0.003 -20"><span class='ocrx_word' id='word_1_172' title='bbox 256 2574 323 2639; x_wconf 84' lang='lat' dir='ltr'><strong>lius</strong></span> <span class='ocrx_word' id='word_1_173' title='bbox 351 2573 526 2636; x_wconf 89' lang='lat' dir='ltr'><strong>bominis</strong></span> <span class='ocrx_word' id='word_1_174' title='bbox 517 2572 694 2654; x_wconf 78' lang='lat' dir='ltr'><strong>imaginem</strong></span> <span class='ocrx_word' id='word_1_175' title='bbox 718 2573 957 2656; x_wconf 80' lang='lat' dir='ltr'><strong>percipiemus,</strong></span> <span class='ocrx_word' id='word_1_176' title='bbox 984 2575 1040 2637; x_wconf 88' lang='lat' dir='ltr'><strong>nbi</strong></span> <span class='ocrx_word' id='word_1_177' title='bbox 1063 2583 1136 2638; x_wconf 86' lang='lat' dir='ltr'><strong>eum</strong></span> <span class='ocrx_word' id='word_1_178' title='bbox 1159 2595 1224 2637; x_wconf 91' lang='lat' dir='ltr'><strong>nou</strong></span> <span class='ocrx_word' id='word_1_179' title='bbox 1247 2583 1342 2649; x_wconf 68' lang='lat' dir='ltr'><strong>tam,</strong></span> 
     </span>
    </p>
   </div>
   <div class='ocr_carea' id='block_1_10' title="bbox 255 2657 1319 2761">
    <p class='ocr_par' dir='ltr' id='par_1_10' title="bbox 255 2655 1438 2761">
     <span class='ocr_line' id='line_1_22' title="bbox 255 2657 1319 2761; baseline -0.027 1"><span class='ocrx_word' id='word_1_180' title='bbox 255 2657 455 2740; x_wconf 79' lang='lat' dir='ltr'><strong>scribentem</strong></span> <span class='ocrx_word' id='word_1_181' title='bbox 477 2678 689 2756; x_wconf 63' lang='lat' dir='ltr'><strong>(quamquam</strong></span> <span class='ocrx_word' id='word_1_182' title='bbox 711 2674 798 2748; x_wconf 90' lang='lat' dir='ltr'><strong>idem</strong></span> <span class='ocrx_word' id='word_1_183' title='bbox 820 2693 890 2736; x_wconf 88' lang='lat' dir='ltr'><strong>mos</strong></span> <span class='ocrx_word' id='word_1_184' title='bbox 913 2680 947 2737; x_wconf 89' lang='lat' dir='ltr'><strong>et</strong></span> <span class='ocrx_word' id='word_1_185' title='bbox 967 2674 1102 2739; x_wconf 87' lang='lat' dir='ltr'><strong>eaedem</strong></span> <span class='ocrx_word' id='word_1_186' title='bbox 1124 2679 1319 2761; x_wconf 77' lang='lat' dir='ltr'><strong>pertimeas</strong></span> 
     </span>
    </p>
   </div>
   <div class='ocr_carea' id='block_1_11' title="bbox 255 2775 1319 2963">
    <p class='ocr_par' dir='ltr' id='par_1_11' title="bbox 255 2775 1319 2963">
     <span class='ocr_line' id='line_1_23' title="bbox 255 2775 1319 2858; baseline 0.002 -20"><span class='ocrx_word' id='word_1_187' title='bbox 255 2776 470 2838; x_wconf 87' lang='lat' dir='ltr'><strong>transibant</strong></span> <span class='ocrx_word' id='word_1_188' title='bbox 463 2793 498 2837; x_wconf 88' lang='grc' dir='ltr'><strong>ιιι</strong></span> <span class='ocrx_word' id='word_1_189' title='bbox 520 2776 660 2858; x_wconf 84' lang='lat' dir='ltr'><strong>scripta)</strong></span> <span class='ocrx_word' id='word_1_190' title='bbox 681 2795 779 2858; x_wconf 91' lang='lat' dir='ltr'><strong>quam</strong></span> <span class='ocrx_word' id='word_1_191' title='bbox 800 2776 843 2839; x_wconf 91' lang='lat' dir='ltr'><strong>ad</strong></span> <span class='ocrx_word' id='word_1_192' title='bbox 865 2775 1047 2858; x_wconf 87' lang='lat' dir='ltr'><strong>auditores,</strong></span> <span class='ocrx_word' id='word_1_193' title='bbox 1070 2785 1108 2843; x_wconf 85' lang='lat' dir='ltr'><strong>ut</strong></span> <span class='ocrx_word' id='word_1_194' title='bbox 1128 2779 1241 2844; x_wconf 85' lang='lat' dir='ltr'><strong>fucere</strong></span> <span class='ocrx_word' id='word_1_195' title='bbox 1263 2797 1319 2840; x_wconf 84' lang='lat' dir='ltr'><strong>so</strong></span> 
     </span>
     <span class='ocr_line' id='line_1_24' title="bbox 255 2875 1316 2963; baseline 0.004 -23"><span class='ocrx_word' id='word_1_196' title='bbox 255 2877 355 2957; x_wconf 91' lang='lat' dir='ltr'><strong>lebat,</strong></span> <span class='ocrx_word' id='word_1_197' title='bbox 379 2875 421 2939; x_wconf 90' lang='lat' dir='ltr'><strong>de</strong></span> <span class='ocrx_word' id='word_1_198' title='bbox 441 2876 590 2940; x_wconf 86' lang='lat' dir='ltr'><strong>Homero</strong></span> <span class='ocrx_word' id='word_1_199' title='bbox 602 2877 842 2940; x_wconf 81' lang='lat' dir='ltr'><strong>declamantem</strong></span> <span class='ocrx_word' id='word_1_200' title='bbox 855 2883 887 2941; x_wconf 88' lang='lat' dir='ltr'><strong>et</strong></span> <span class='ocrx_word' id='word_1_201' title='bbox 897 2878 1076 2954; x_wconf 87' lang='lat' dir='ltr'><strong>Homerum</strong></span> <span class='ocrx_word' id='word_1_202' title='bbox 1089 2880 1316 2963; x_wconf 83' lang='lat' dir='ltr'><strong>explicantem</strong></span> 
     </span>
    </p>
   </div>
   <div class='ocr_carea' id='block_1_12' title="bbox 253 2976 1438 3168">
    <p class='ocr_par' dir='ltr' id='par_1_12' title="bbox 253 2961 1438 3168">
     <span class='ocr_line' id='line_1_25' title="bbox 258 2976 1316 3072; baseline 0.005 -32"><span class='ocrx_word' id='word_1_203' title='bbox 258 2978 424 3062; x_wconf 86' lang='lat' dir='ltr'><strong>fingimus.</strong></span> <span class='ocrx_word' id='word_1_204' title='bbox 474 2980 608 3042; x_wconf 84' lang='lat' dir='ltr'><strong>Etenim</strong></span> <span class='ocrx_word' id='word_1_205' title='bbox 638 2976 681 3042; x_wconf 89' lang='lat' dir='ltr'><strong>ad</strong></span> <span class='ocrx_word' id='word_1_206' title='bbox 704 2976 769 3041; x_wconf 82' lang='lat' dir='ltr'><strong>lma</strong></span> <span class='ocrx_word' id='word_1_207' title='bbox 789 2985 892 3044; x_wconf 85' lang='lat' dir='ltr'><strong>totam</strong></span> <span class='ocrx_word' id='word_1_208' title='bbox 914 2979 1090 3044; x_wconf 88' lang='lat' dir='ltr'><strong>Graeciam</strong></span> <span class='ocrx_word' id='word_1_209' title='bbox 1113 2982 1316 3072; x_wconf 83' lang='lat' dir='ltr'><strong>peragravit.</strong></span> 
     </span>
     <span class='ocr_line' id='line_1_26' title="bbox 253 3079 1438 3168; baseline 0.004 -25"><span class='ocrx_word' id='word_1_210' title='bbox 253 3080 345 3153; x_wconf 85' lang='lat' dir='ltr'><strong>(Sen.</strong></span> <span class='ocrx_word' id='word_1_211' title='bbox 380 3101 432 3165; x_wconf 88' lang='lat' dir='ltr'><strong>ep.</strong></span> <span class='ocrx_word' id='word_1_212' title='bbox 465 3081 531 3158; x_wconf 80' lang='grc'>88).</span> <span class='ocrx_word' id='word_1_213' title='bbox 558 3079 656 3143; x_wconf 77' lang='grc' dir='ltr'><strong>Ι’.Ιιιιιι</strong></span> <span class='ocrx_word' id='word_1_214' title='bbox 683 3079 792 3144; x_wconf 87' lang='lat' dir='ltr'><strong>oculis</strong></span> <span class='ocrx_word' id='word_1_215' title='bbox 817 3082 899 3146; x_wconf 83' lang='lat' dir='ltr'><strong>meis</strong></span> <span class='ocrx_word' id='word_1_216' title='bbox 925 3081 1025 3152; x_wconf 79' lang='lat' dir='ltr'><strong>rideo</strong></span> <span class='ocrx_word' id='word_1_217' title='bbox 1054 3082 1218 3146; x_wconf 88' lang='lat' dir='ltr'><strong>bominem</strong></span> <span class='ocrx_word' id='word_1_218' title='bbox 1249 3083 1318 3156; x_wconf 83' lang='lat' dir='ltr'><strong>boo</strong></span> <span class='ocrx_word' id='word_1_219' title='bbox 1437 3163 1438 3168; x_wconf 5' lang='grc' dir='ltr'>ἵ</span> 
     </span>
    </p>
   </div>
   <div class='ocr_carea' id='block_1_13' title="bbox 216 3181 1316 3369">
    <p class='ocr_par' dir='ltr' id='par_1_13' title="bbox 216 3181 1316 3369">
     <span class='ocr_line' id='line_1_27' title="bbox 253 3181 1316 3269; baseline 0.007 -26"><span class='ocrx_word' id='word_1_220' title='bbox 253 3183 354 3245; x_wconf 90' lang='lat' dir='ltr'><strong>modo</strong></span> <span class='ocrx_word' id='word_1_221' title='bbox 376 3183 638 3250; x_wconf 80' lang='lat' dir='ltr'><strong>declamantemt</strong></span> <span class='ocrx_word' id='word_1_222' title='bbox 665 3181 866 3256; x_wconf 87' lang='lat' dir='ltr'><strong>„Homerum</strong></span> <span class='ocrx_word' id='word_1_223' title='bbox 895 3187 1038 3266; x_wconf 84' lang='lat' dir='ltr'><strong>utraque</strong></span> <span class='ocrx_word' id='word_1_224' title='bbox 1064 3187 1204 3249; x_wconf 87' lang='lat' dir='ltr'><strong>materia</strong></span> <span class='ocrx_word' id='word_1_225' title='bbox 1233 3204 1316 3269; x_wconf 84' lang='lat' dir='ltr'><strong>eon-</strong></span> 
     </span>
     <span class='ocr_line' id='line_1_28' title="bbox 216 3277 1315 3369; baseline 0.007 -25"><span class='ocrx_word' id='word_1_226' title='bbox 216 3291 219 3296; x_wconf 78' lang='grc'><em>’</em></span> <span class='ocrx_word' id='word_1_227' title='bbox 253 3287 426 3362; x_wconf 89' lang='lat' dir='ltr'><strong>summata,</strong></span> <span class='ocrx_word' id='word_1_228' title='bbox 445 3282 602 3367; x_wconf 88' lang='lat' dir='ltr'><strong>Odyssea</strong></span> <span class='ocrx_word' id='word_1_229' title='bbox 623 3277 819 3360; x_wconf 87' lang='lat' dir='ltr'><strong>etlliade,</strong></span> <span class='ocrx_word' id='word_1_230' title='bbox 810 3282 1008 3366; x_wconf 88' lang='lat' dir='ltr'><strong>principium</strong></span> <span class='ocrx_word' id='word_1_231' title='bbox 1030 3284 1195 3349; x_wconf 75' lang='lat' dir='ltr'><strong>adiecisse</strong></span> <span class='ocrx_word' id='word_1_232' title='bbox 1216 3287 1315 3369; x_wconf 88' lang='lat' dir='ltr'><strong>operi</strong></span> 
     </span>
    </p>
   </div>
   <div class='ocr_carea' id='block_1_14' title="bbox 252 3383 1438 3670">
    <p class='ocr_par' dir='ltr' id='par_1_14' title="bbox 252 3375 1438 3670">
     <span class='ocr_line' id='line_1_29' title="bbox 252 3383 1315 3474; baseline 0.008 -28"><span class='ocrx_word' id='word_1_233' title='bbox 252 3400 330 3462; x_wconf 88' lang='lat' dir='ltr'><strong>suo,</strong></span> <span class='ocrx_word' id='word_1_234' title='bbox 353 3403 419 3465; x_wconf 88' lang='lat' dir='ltr'><strong>quo</strong></span> <span class='ocrx_word' id='word_1_235' title='bbox 440 3384 562 3448; x_wconf 90' lang='lat' dir='ltr'><strong>bellum</strong></span> <span class='ocrx_word' id='word_1_236' title='bbox 572 3383 761 3450; x_wconf 85' lang='lat' dir='ltr'><strong>Troianum</strong></span> <span class='ocrx_word' id='word_1_237' title='bbox 783 3384 976 3466; x_wconf 78' lang='lat' dir='ltr'><strong>complexus</strong></span> <span class='ocrx_word' id='word_1_238' title='bbox 997 3393 1058 3451; x_wconf 89' lang='lat' dir='ltr'><strong>est.</strong></span> <span class='ocrx_word' id='word_1_239' title='bbox 1063 3389 1081 3426; x_wconf 82' lang='lat'><strong>‘⁴</strong></span> <span class='ocrx_word' id='word_1_240' title='bbox 1094 3386 1170 3474; x_wconf 87' lang='lat' dir='ltr'><strong>Et</strong></span> <span class='ocrx_word' id='word_1_241' title='bbox 1191 3387 1315 3464; x_wconf 86' lang='lat' dir='ltr'><strong>„huius</strong></span> 
     </span>
     <span class='ocr_line' id='line_1_30' title="bbox 252 3471 1438 3584; baseline 0 -36"><span class='ocrx_word' id='word_1_242' title='bbox 252 3485 303 3548; x_wconf 90' lang='lat' dir='ltr'><strong>rei</strong></span> <span class='ocrx_word' id='word_1_243' title='bbox 324 3494 549 3570; x_wconf 84' lang='lat' dir='ltr'><strong>argumentum</strong></span> <span class='ocrx_word' id='word_1_244' title='bbox 570 3479 775 3568; x_wconf 86' lang='lat' dir='ltr'><strong>afferentem,</strong></span> <span class='ocrx_word' id='word_1_245' title='bbox 797 3485 887 3571; x_wconf 88' lang='lat' dir='ltr'><strong>quod</strong></span> <span class='ocrx_word' id='word_1_246' title='bbox 907 3471 991 3552; x_wconf 81' lang='lat' dir='ltr'><strong>duas</strong></span> <span class='ocrx_word' id='word_1_247' title='bbox 1010 3488 1165 3553; x_wconf 88' lang='lat' dir='ltr'><strong>litteras</strong></span> <span class='ocrx_word' id='word_1_248' title='bbox 1157 3508 1191 3552; x_wconf 84' lang='lat' dir='ltr'><strong>nn</strong></span> <span class='ocrx_word' id='word_1_249' title='bbox 1205 3489 1314 3584; x_wconf 78' lang='lat' dir='ltr'><strong>primo</strong></span> <span class='ocrx_word' id='word_1_250' title='bbox 1437 3495 1438 3548; x_wconf 80' lang='lat'>3</span> 
     </span>
     <span class='ocr_line' id='line_1_31' title="bbox 253 3587 1313 3670; baseline 0.005 -22"><span class='ocrx_word' id='word_1_251' title='bbox 253 3605 352 3650; x_wconf 81' lang='lat' dir='ltr'><strong>versu</strong></span> <span class='ocrx_word' id='word_1_252' title='bbox 376 3587 543 3670; x_wconf 85' lang='lat' dir='ltr'><strong>posuisset</strong></span> <span class='ocrx_word' id='word_1_253' title='bbox 563 3607 606 3652; x_wconf 88' lang='lat' dir='ltr'><strong>ex</strong></span> <span class='ocrx_word' id='word_1_254' title='bbox 627 3587 792 3654; x_wconf 86' lang='lat' dir='ltr'><strong>industria</strong></span> <span class='ocrx_word' id='word_1_255' title='bbox 813 3588 973 3656; x_wconf 87' lang='lat' dir='ltr'><strong>librorum</strong></span> <span class='ocrx_word' id='word_1_256' title='bbox 996 3610 1128 3654; x_wconf 88' lang='lat' dir='ltr'><strong>suorum</strong></span> <span class='ocrx_word' id='word_1_257' title='bbox 1142 3589 1313 3658; x_wconf 83' lang='lat' dir='ltr'><strong>numerum</strong></span> 
     </span>
    </p>
   </div>
   <div class='ocr_carea' id='block_1_15' title="bbox 63 3687 1312 3775">
    <p class='ocr_par' dir='ltr' id='par_1_15' title="bbox 63 3687 1312 3775">
     <span class='ocr_line' id='line_1_32' title="bbox 63 3687 1312 3775; baseline -0.003 -13"><span class='ocrx_word' id='word_1_258' title='bbox 63 3754 65 3762; x_wconf 88' lang='grc'><em>,</em></span> <span class='ocrx_word' id='word_1_259' title='bbox 111 3755 118 3770; x_wconf 23' lang='lat' dir='ltr'>N</span> <span class='ocrx_word' id='word_1_260' title='bbox 206 3728 211 3734; x_wconf 87' lang='lat'><em>-</em></span> <span class='ocrx_word' id='word_1_261' title='bbox 251 3690 492 3753; x_wconf 84' lang='lat' dir='ltr'><strong>continentes.“</strong></span> <span class='ocrx_word' id='word_1_262' title='bbox 543 3687 1047 3772; x_wconf 78' lang='lat' dir='ltr'><strong>sc.mi1·1.a.va111*).</strong></span> <span class='ocrx_word' id='word_1_263' title='bbox 1086 3694 1226 3775; x_wconf 84' lang='lat' dir='ltr'><strong>Stupent</strong></span> <span class='ocrx_word' id='word_1_264' title='bbox 1253 3712 1312 3758; x_wconf 89' lang='lat' dir='ltr'><strong>au·</strong></span> 
     </span>
    </p>
   </div>
   <div class='ocr_carea' id='block_1_16' title="bbox 316 3963 1438 4068">
    <p class='ocr_par' dir='ltr' id='par_1_16' title="bbox 316 3963 1438 4068">
     <span class='ocr_line' id='line_1_33' title="bbox 316 3963 1438 4068; baseline -0.008 -12"><span class='ocrx_word' id='word_1_265' title='bbox 316 3989 342 4055; x_wconf 81' lang='lat' dir='ltr'><strong>*l</strong></span> <span class='ocrx_word' id='word_1_266' title='bbox 358 3963 421 4056; x_wconf 71' lang='lat' dir='ltr'><strong>llus</strong></span> <span class='ocrx_word' id='word_1_267' title='bbox 441 3992 562 4048; x_wconf 80' lang='lat' dir='ltr'><strong>reterens</strong></span> <span class='ocrx_word' id='word_1_268' title='bbox 584 3990 692 4050; x_wconf 78' lang='lat' dir='ltr'><strong>Seneca</strong></span> <span class='ocrx_word' id='word_1_269' title='bbox 707 3993 727 4050; x_wconf 90' lang='grc' dir='ltr'><strong>Ι.</strong></span> <span class='ocrx_word' id='word_1_270' title='bbox 750 3994 772 4051; x_wconf 93' lang='grc' dir='ltr'><strong>Ι.</strong></span> <span class='ocrx_word' id='word_1_271' title='bbox 794 3993 879 4052; x_wconf 82' lang='lat' dir='ltr'><strong>utitur</strong></span> <span class='ocrx_word' id='word_1_272' title='bbox 896 3995 1071 4066; x_wconf 76' lang='lat' dir='ltr'><strong>inperfecto:</strong></span> <span class='ocrx_word' id='word_1_273' title='bbox 1089 3995 1181 4068; x_wconf 74' lang='lat' dir='ltr'><strong>Apion</strong></span> <span class='ocrx_word' id='word_1_274' title='bbox 1199 4028 1231 4042; x_wconf 94' lang='lat'><em>-</em></span> <span class='ocrx_word' id='word_1_275' title='bbox 1247 3995 1309 4052; x_wconf 85' lang='lat' dir='ltr'><strong>aie·</strong></span> <span class='ocrx_word' id='word_1_276' title='bbox 1437 3967 1438 4018; x_wconf 57' lang='lat' dir='ltr'><strong>l</strong></span> 
     </span>
    </p>
   </div>
   <div class='ocr_carea' id='block_1_17' title="bbox 0 0 1448 4728">
    <p class='ocr_par' dir='ltr' id='par_1_17' title="bbox 0 0 1448 4728">
     <span class='ocr_line' id='line_1_34' title="bbox 0 0 1448 4728; baseline 0 5"><span class='ocrx_word' id='word_1_277' title='bbox 0 0 1448 4728; x_wconf 95' lang='lat' dir='ltr'><strong> </strong></span> 
     </span>
    </p>
   </div>
  </div>
 </body>
</html>
