2888 4734
1137 366 1215 456 lbl‘

23 567 25 573 ¹
131 585 192 654 coin
214 580 413 653 διαλέκτων·
435 573 609 674 ὑψιπέτας
628 575 693 667 γὰρ
720 568 881 666 allowed
929 581 983 658 'El
1013 579 1212 648 tenulthoc

134 691 205 756 sine
232 687 336 755 dubio
363 685 400 751 in
427 685 635 752 nominativo
663 682 753 768 apud
773 688 889 767 poetas
911 684 1089 769 antiquos,
1113 682 1155 751 'ut
1175 687 1213 750 iu

61 859 66 866 ,
136 794 194 859 illo
226 787 400 856 Hesiodea
429 778 475 866 ὣς
495 781 598 874 ἔφατ’Ὶ
616 779 787 873 ὠκυπέτης
807 777 903 876 ἴρηξ,
916 786 991 870 Op.
1013 789 1088 854 210.
1110 789 1214 856 -Si

133 894 266 982 quando
287 892 410 960 tertiae
432 890 673 957 declinationis
694 888 834 954 fuerunt
858 909 907 954 an·
924 887 1067 958 eundem
1090 911 1211 956 accen·

136 1012 204 1064 tura
224 999 393 1062 tenuerint
407 994 486 1060 vlroc
514 995 577 1060 vix
603 993 700 1064 allici
721 992 905 1075 poterill).
948 992 1083 1060 Vereor
1103 1000 1215 1068 tamen

136 1121 177 1166 aa
198 1119 266 1166 nou
286 1099 336 1165 ita
356 1101 414 1164 sit.
458 1096 548 1162 Nam
569 1094 663 1179 quod
691 1092 891 1160 Eustathius
913 1094 957 1161 de
978 1087 1215 1184 rrporedrpc'di-

138 1205 203 1286 cit,
225 1201 292 1266 boc
319 1201 477 1268 admouet
505 1193 750 1264 memorabilior
767 1195 835 1261 loci
857 1198 947 1283 apud
969 1197 1097 1264 Tacta.
1121 1187 1214 1268 Citii.

123 1303 322 1382 ‘v11,hist.
346 1305 425 1386 1⁴28,
447 1304 505 1368 ubi
526 1299 620 1367 illim
643 1298 928 1386 significationem
950 1295 1107 1368 vocabuli
1128 1322 1216 1389 προ-

136 1428 253 1494 πετης,
282 1427 381 1491 quam
409 1403 610 1470 Eustathius
632 1403 775 1484 indicat,
797 1403 840 1466 ab
862 1402 982 1470 aribus
1003 1403 1098 1470 ducit
1118 1423 1219 1490 prae·

136 1514 266 1574 mature
286 1507 518 1582 volantibus.
539 1506 614 1584 Hos
636 1505 735 1570 alites

115 1593 119 1618 ¹
146 1603 147 1612 ’
220 1605 358 1686 τούτους
385 1606 571 1710 προπὲτας
607 1604 741 1694 λέγουσι
776 1604 855 1676 καὶ
869 1612 1061 1697 προπετεῖς
1089 1601 1231 1695 ὁμοίως,

137 1734 169 1781 r.
190 1715 276 1796 268,
311 1691 577 1777 declinationem
612 1709 714 1779 simul
737 1713 880 1784 accentu
902 1713 1129 1796 distinguens,
1151 1733 1216 1780 uec

134 1823 187 1884 est
217 1836 281 1886 eur
312 1833 346 1881 v.
371 1815 440 1884 269
465 1819 501 1878 et
527 1815 588 1882 271
618 1811 741 1878 ubido
766 1811 959 1882 bominibus
980 1808 1213 1903 πραγλώσαοις

135 1919 221 2012 dicit
247 1911 422 2006 προπέτης
448 1921 542 1992 (nam
568 1907 741 2004 προπττῆς
766 1915 969 2001 Kiesslingii
990 1937 1107 1992 errore
1129 1918 1217 1984 scri·
1347 1924 1351 1944 ¹

135 2027 229 2107 ptum
261 2038 382 2086 versus
414 2019 558 2103 respuit,
596 2021 636 2084 ut
666 2013 800 2086 notavit
827 2017 987 2086 Struuius
1019 2041 1054 2105 p.
1081 2021 1161 2096 1⁰5)
1182 2023 1219 2084 et
1315 2095 1318 2105 s

132 2119 306 2214 προπέτην
328 2121 371 2185 de
393 2121 462 2186 alia
480 2120 708 2212 declinatione
730 2139 829 2207 quam
853 2121 896 2186 de
918 2123 1030 2206 prima
1050 2123 1219 2205 cogitasse

134 2235 299 2313 putemus.
354 2223 456 2306 Alii,
474 2231 508 2290 et
539 2225 664 2308 opinor
690 2227 920 2309 antiquioreS,
943 2221 1115 2314 προπετὴς
1136 2217 1218 2312 ἀνήρ

133 2353 154 2394 a
176 2320 382 2415 reponderare
404 2271 564 2394 dicentes
585 2332 636 2402 [v.
657 2317 827 2411 Hesycl'r„
849 2329 1218 2414 zon.),nonpolerant
1293 2381 1294 2384 ,
1337 2329 1342 2352 “

131 2429 313 2494 admittere
334 2430 400 2494 nisi
422 2421 610 2522 reponatis,
641 2426 724 2495 hino
745 2430 946 2495 Eustatlrius
969 2425 1110 2495 dicit’
1079 2427 1216 2509 „rbogs‘

131 2523 312 2617 Significat
334 2536 443 2596 autem
444 2529 641 2654 deinceps,
662 2530 873 2610 distinguere
893 2532 1041 2598 voluisse
1053 2533 1216 2616 quosdam

127 2637 220 2700 inter
241 2631 414 2722 προπὲτης
435 2625 517 2721 ἀνήρ
540 2639 575 2698 et
596 2628 784 2721 προπετῆςτ
806 2633 851 2699 de
873 2623 941 2720 qua
963 2633 1214 2702 reconferendi

130 2735 328 2803 Tzetzesl.
352 2736 374 2802 1.
398 2740 433 2802 el
454 2735 643 2804 Phavorin.
677 2734 781 2804 Unde
801 2736 868 2804 hoc
889 2737 965 2803 tere
986 2757 1045 2803 eos
1065 2737 1216 2804 voluisse
1336 2762 1341 2771 ·

127 2839 274 2922 colligo:
310 2835 483 2928 repondens
517 2831 599 2924 ἆνὴρ
636 2839 829 2925 importune
859 2838 1001 2924 loquax,
1044 2831 1218 2930 προπετής

128 2942 262 3023 audax,
285 2955 481 3027 protervus.
504 2941 547 3008 de
568 2943 683 3026 lingua
704 2943 793 3008 enim
817 2941 1050 3028 metaphoram
1072 2962 1093 3010 a
1114 2937 1215 3008 πέτο-

126 3069 193 3129 μαι
208 3043 331 3129 'aptius
359 3043 542 3120 ducebant,
569 3043 717 3111 fortasse
746 3044 789 3112 de
811 3045 911 3115 alatis
931 3046 1047 3115 verbis
1068 3045 1214 3112 Homeri

125 3147 337 3272 cogitantesr
363 3147 477 3212 audax
502 3135 604 3212 homo
633 3149 843 3215 commodius
871 3151 966 3215 uisus
994 3139 1078 3214 dici'
1087 3140 1147 3215 d
1128 3150 1214 3237 ripo-

126 3245 266 3316 πίπτων
287 3270 335 3318 se.
369 3250 428 3337 τῆς
459 3241 601 3332 τάξεως,
641 3273 686 3318 ex
729 3253 803 3317 acie
835 3269 1065 3339 prorumpens.
1110 3252 1214 3325 Haec

127 3353 246 3430 omnia
278 3354 418 3418 nimium
452 3360 612 3437 quantum
646 3351 861 3438 Byzantinos
893 3355 1068 3433 redolent,
1102 3361 1138 3420 et
1168 3376 1212 3423 ne

124 3455 219 3539 apud
245 3453 309 3520 hos
336 3456 474 3540 quidem
500 3455 636 3521 firmum
658 3455 765 3523 fuisse
786 3477 829 3522 ex
851 3456 1050 3540 Eustathio,
1077 3456 1212 3528 Tectae

123 3557 205 3642 (qui
232 3559 367 3625 omuino
389 3556 426 3624 id
446 3557 603 3624 vocabuli
626 3559 668 3626 de
691 3545 875 3628 audacibus
898 3569 934 3627 et
952 3563 1126 3646 protervis
1147 3561 1211 3628 ad·
1298 3559 1301 3566 '

120 3658 241 3724 hiberi
262 3665 367 3741 rotat)
390 3666 426 3734 et
446 3660 644 3734 Pharoriuo
666 3662 802 3732 collatis
823 3667 928 3748 patet.

240 3808 246 3818 ι
290 3797 295 3804 ι

119 3827 352 3846 Ἥ

193 3917 290 3980 *)ι
237 3912 290 3985 uiua
292 3917 359 3985 πιτῆ
388 3916 481 3990 Antip.
509 3907 935 3990 Sid.(lV.dpollonid.X1V
971 3919 1028 3977 Sed
1046 3911 1207 3988 τηιοπέτευτ

118 4015 170 4072 ap.
189 4001 307 4056 eundern
324 4001 487 4071 Apollonid.
495 4003 545 4061 vl.
564 4001 691 4066 ὀξυπττεῖ
705 4003 767 4061 loco
787 4014 816 4062 ut
833 4003 956 4064 uidetur
961 4023 999 4062 ex
1015 4014 1100 4078 poeta
1117 4003 1206 4104 petito

117 4083 220 4146 sebur.
240 4087 293 4142 Od.
312 4106 345 4154 y,
361 4093 422 4150 3⁷2

936 4181 976 4242 ll
