<?xml version="1.0" encoding="UTF-8"?>
<!DOCTYPE html PUBLIC "-//W3C//DTD XHTML 1.0 Transitional//EN"
    "http://www.w3.org/TR/xhtml1/DTD/xhtml1-transitional.dtd">
<html xmlns="http://www.w3.org/1999/xhtml" xml:lang="en" lang="en">
 <head>
  <title>
</title>
<meta http-equiv="Content-Type" content="text/html;charset=utf-8" />
  <meta name='ocr-system' content='tesseract 3.04.00' />
  <meta name='ocr-capabilities' content='ocr_page ocr_carea ocr_par ocr_line ocrx_word'/>
</head>
<body>
  <div class='ocr_page' id='page_1' title='image "./quaestionesepic02lehrgoog_0324.png"; bbox 0 0 2820 4740; ppageno 0'>
   <div class='ocr_carea' id='block_1_1' title="bbox 76 1840 1268 1972">
    <p class='ocr_par' dir='ltr' id='par_1_1' title="bbox 76 1840 1268 1972">
     <span class='ocr_line' id='line_1_1' title="bbox 76 1840 1268 1972; baseline -0.006 -16"><span class='ocrx_word' id='word_1_1' title='bbox 76 1851 241 1956; x_wconf 73' lang='lat' dir='ltr'><strong>Prodire</strong></span> <span class='ocrx_word' id='word_1_2' title='bbox 273 1902 382 1968; x_wconf 81' lang='lat' dir='ltr'>nuper</span> <span class='ocrx_word' id='word_1_3' title='bbox 405 1881 524 1952; x_wconf 79' lang='lat' dir='ltr'><strong>Caroli</strong></span> <span class='ocrx_word' id='word_1_4' title='bbox 544 1878 682 1952; x_wconf 77' lang='lat' dir='ltr'><strong>Beckii</strong></span> <span class='ocrx_word' id='word_1_5' title='bbox 694 1883 848 1967; x_wconf 80' lang='lat' dir='ltr'><strong>libellus,</strong></span> <span class='ocrx_word' id='word_1_6' title='bbox 875 1904 943 1972; x_wconf 85' lang='lat' dir='ltr'><strong>qno</strong></span> <span class='ocrx_word' id='word_1_7' title='bbox 964 1847 1090 1950; x_wconf 86' lang='lat' dir='ltr'><strong>incerti</strong></span> <span class='ocrx_word' id='word_1_8' title='bbox 1108 1903 1167 1950; x_wconf 84' lang='lat' dir='ltr'><strong>au·</strong></span> <span class='ocrx_word' id='word_1_9' title='bbox 1265 1840 1268 1851; x_wconf 32' lang='lat'><strong>⁴</strong></span> 
     </span>
    </p>
   </div>
   <div class='ocr_carea' id='block_1_2' title="bbox 16 1999 1172 4136">
    <p class='ocr_par' dir='ltr' id='par_1_2' title="bbox 30 1999 1172 3934">
     <span class='ocr_line' id='line_1_2' title="bbox 83 1999 1167 2092; baseline 0.01 -34"><span class='ocrx_word' id='word_1_10' title='bbox 83 1999 196 2064; x_wconf 91' lang='lat' dir='ltr'><strong>ctoris</strong></span> <span class='ocrx_word' id='word_1_11' title='bbox 227 2003 421 2086; x_wconf 87' lang='lat' dir='ltr'><strong>poemation</strong></span> <span class='ocrx_word' id='word_1_12' title='bbox 453 2004 497 2070; x_wconf 85' lang='lat' dir='ltr'><strong>ad</strong></span> <span class='ocrx_word' id='word_1_13' title='bbox 539 2005 760 2092; x_wconf 85' lang='lat' dir='ltr'><strong>Calpurnium</strong></span> <span class='ocrx_word' id='word_1_14' title='bbox 802 2006 964 2072; x_wconf 85' lang='lat' dir='ltr'><strong>Pisonem</strong></span> <span class='ocrx_word' id='word_1_15' title='bbox 1003 2007 1167 2091; x_wconf 89' lang='lat' dir='ltr'><strong>serpitum</strong></span> 
     </span>
     <span class='ocr_line' id='line_1_3' title="bbox 16 2097 1169 2208; baseline 0.005 -44.309"><span class='ocrx_word' id='word_1_16' title='bbox 16 2097 194 2167; x_wconf 80' lang='lat' dir='ltr'><strong>Statio</strong></span> <span class='ocrx_word' id='word_1_17' title='bbox 226 2106 405 2172; x_wconf 80' lang='lat' dir='ltr'><strong>uindicare</strong></span> <span class='ocrx_word' id='word_1_18' title='bbox 433 2105 573 2208; x_wconf 82' lang='lat' dir='ltr'><strong>studuit.</strong></span> <span class='ocrx_word' id='word_1_19' title='bbox 621 2109 670 2174; x_wconf 87' lang='lat' dir='ltr'><strong>Et</strong></span> <span class='ocrx_word' id='word_1_20' title='bbox 696 2110 852 2193; x_wconf 83' lang='lat' dir='ltr'><strong>quamvis</strong></span> <span class='ocrx_word' id='word_1_21' title='bbox 876 2109 981 2172; x_wconf 89' lang='lat' dir='ltr'><strong>&#39;sint</strong></span> <span class='ocrx_word' id='word_1_22' title='bbox 971 2129 1006 2172; x_wconf 89' lang='lat' dir='ltr'><strong>m</strong></span> <span class='ocrx_word' id='word_1_23' title='bbox 1029 2123 1069 2173; x_wconf 84' lang='lat' dir='ltr'><strong>oo</strong></span> <span class='ocrx_word' id='word_1_24' title='bbox 1092 2127 1169 2170; x_wconf 85' lang='lat' dir='ltr'><strong>car-</strong></span> 
     </span>
     <span class='ocr_line' id='line_1_4' title="bbox 81 2199 1169 2296; baseline 0.004 -28"><span class='ocrx_word' id='word_1_25' title='bbox 81 2199 189 2286; x_wconf 83' lang='lat' dir='ltr'><strong>mine,</strong></span> <span class='ocrx_word' id='word_1_26' title='bbox 213 2228 300 2290; x_wconf 89' lang='lat' dir='ltr'><strong>quac</strong></span> <span class='ocrx_word' id='word_1_27' title='bbox 321 2210 416 2274; x_wconf 82' lang='lat' dir='ltr'><strong>iliam</strong></span> <span class='ocrx_word' id='word_1_28' title='bbox 437 2213 665 2294; x_wconf 76' lang='lat' dir='ltr'><strong>suspicionem</strong></span> <span class='ocrx_word' id='word_1_29' title='bbox 687 2232 824 2276; x_wconf 85' lang='lat' dir='ltr'><strong>movere</strong></span> <span class='ocrx_word' id='word_1_30' title='bbox 838 2213 995 2296; x_wconf 85' lang='lat' dir='ltr'><strong>possint,</strong></span> <span class='ocrx_word' id='word_1_31' title='bbox 1019 2217 1169 2295; x_wconf 81' lang='lat' dir='ltr'><strong>attamen</strong></span> 
     </span>
     <span class='ocr_line' id='line_1_5' title="bbox 84 2306 1172 2408; baseline 0.006 -38"><span class='ocrx_word' id='word_1_32' title='bbox 84 2307 214 2392; x_wconf 88' lang='lat' dir='ltr'><strong>aliquid</strong></span> <span class='ocrx_word' id='word_1_33' title='bbox 237 2312 398 2378; x_wconf 87' lang='lat' dir='ltr'><strong>absonum</strong></span> <span class='ocrx_word' id='word_1_34' title='bbox 420 2307 467 2376; x_wconf 90' lang='lat' dir='ltr'><strong>ab</strong></span> <span class='ocrx_word' id='word_1_35' title='bbox 485 2311 599 2381; x_wconf 82' lang='lat' dir='ltr'><strong>Statio</strong></span> <span class='ocrx_word' id='word_1_36' title='bbox 621 2316 799 2408; x_wconf 78' lang='lat' dir='ltr'><strong>percipere</strong></span> <span class='ocrx_word' id='word_1_37' title='bbox 822 2314 977 2380; x_wconf 84' lang='lat' dir='ltr'><strong>videbar.</strong></span> <span class='ocrx_word' id='word_1_38' title='bbox 1020 2306 1172 2378; x_wconf 72' lang='lat' dir='ltr'><strong>Nectar-</strong></span> 
     </span>
     <span class='ocr_line' id='line_1_6' title="bbox 87 2412 1169 2500; baseline 0.008 -28"><span class='ocrx_word' id='word_1_39' title='bbox 87 2430 143 2474; x_wconf 80' lang='lat' dir='ltr'><strong>sus</strong></span> <span class='ocrx_word' id='word_1_40' title='bbox 171 2433 273 2485; x_wconf 86' lang='lat' dir='ltr'><strong>eram.</strong></span> <span class='ocrx_word' id='word_1_41' title='bbox 324 2412 413 2479; x_wconf 86' lang='lat' dir='ltr'><strong>Nam</strong></span> <span class='ocrx_word' id='word_1_42' title='bbox 441 2416 586 2494; x_wconf 87' lang='lat' dir='ltr'><strong>primum</strong></span> <span class='ocrx_word' id='word_1_43' title='bbox 617 2435 756 2480; x_wconf 86' lang='lat' dir='ltr'><strong>caesura</strong></span> <span class='ocrx_word' id='word_1_44' title='bbox 778 2424 855 2499; x_wconf 88' lang='lat' dir='ltr'><strong>post</strong></span> <span class='ocrx_word' id='word_1_45' title='bbox 878 2419 1021 2499; x_wconf 86' lang='lat' dir='ltr'><strong>primurn</strong></span> <span class='ocrx_word' id='word_1_46' title='bbox 1045 2418 1169 2500; x_wconf 88' lang='lat' dir='ltr'><strong>dacty-</strong></span> 
     </span>
     <span class='ocr_line' id='line_1_7' title="bbox 30 2512 1169 2600; baseline 0.006 -24"><span class='ocrx_word' id='word_1_47' title='bbox 30 2555 38 2594; x_wconf 90' lang='lat'><strong>·.</strong></span> <span class='ocrx_word' id='word_1_48' title='bbox 86 2513 154 2577; x_wconf 91' lang='lat' dir='ltr'><strong>lum</strong></span> <span class='ocrx_word' id='word_1_49' title='bbox 176 2521 334 2600; x_wconf 84' lang='lat' dir='ltr'><strong>sequente</strong></span> <span class='ocrx_word' id='word_1_50' title='bbox 356 2512 498 2580; x_wconf 86' lang='lat' dir='ltr'><strong>maiore</strong></span> <span class='ocrx_word' id='word_1_51' title='bbox 508 2535 614 2596; x_wconf 87' lang='lat' dir='ltr'><strong>pausa</strong></span> <span class='ocrx_word' id='word_1_52' title='bbox 636 2516 686 2592; x_wconf 76' lang='lat' dir='ltr'><strong>(id</strong></span> <span class='ocrx_word' id='word_1_53' title='bbox 709 2518 801 2597; x_wconf 86' lang='lat' dir='ltr'><strong>quod</strong></span> <span class='ocrx_word' id='word_1_54' title='bbox 821 2517 911 2598; x_wconf 87' lang='lat' dir='ltr'><strong>apud</strong></span> <span class='ocrx_word' id='word_1_55' title='bbox 934 2513 1169 2583; x_wconf 75' lang='lat' dir='ltr'><strong>aureisaeculi</strong></span> 
     </span>
     <span class='ocr_line' id='line_1_8' title="bbox 88 2603 1169 2700; baseline 0.003 -20"><span class='ocrx_word' id='word_1_56' title='bbox 88 2621 205 2700; x_wconf 88' lang='lat' dir='ltr'><strong>poetas</strong></span> <span class='ocrx_word' id='word_1_57' title='bbox 235 2620 445 2683; x_wconf 89' lang='lat' dir='ltr'><strong>rarissimum</strong></span> <span class='ocrx_word' id='word_1_58' title='bbox 473 2617 548 2682; x_wconf 88' lang='lat' dir='ltr'><strong>esse&#39;</strong></span> <span class='ocrx_word' id='word_1_59' title='bbox 558 2607 727 2692; x_wconf 87' lang='lat' dir='ltr'><strong>videtur)</strong></span> <span class='ocrx_word' id='word_1_60' title='bbox 755 2622 790 2680; x_wconf 91' lang='lat' dir='ltr'><strong>et</strong></span> <span class='ocrx_word' id='word_1_61' title='bbox 812 2603 902 2700; x_wconf 78' lang='lat' dir='ltr'><strong>apud</strong></span> <span class='ocrx_word' id='word_1_62' title='bbox 924 2615 1013 2680; x_wconf 91' lang='lat' dir='ltr'><strong>hunc</strong></span> <span class='ocrx_word' id='word_1_63' title='bbox 1035 2629 1169 2700; x_wconf 82' lang='lat' dir='ltr'><strong>poetam</strong></span> 
     </span>
     <span class='ocr_line' id='line_1_9' title="bbox 89 2711 1169 2806; baseline -0.003 -20"><span class='ocrx_word' id='word_1_64' title='bbox 89 2728 123 2786; x_wconf 90' lang='lat' dir='ltr'><strong>et</strong></span> <span class='ocrx_word' id='word_1_65' title='bbox 143 2723 230 2806; x_wconf 87' lang='lat' dir='ltr'><strong>apud</strong></span> <span class='ocrx_word' id='word_1_66' title='bbox 251 2722 397 2788; x_wconf 79' lang='lat' dir='ltr'><strong>Statium</strong></span> <span class='ocrx_word' id='word_1_67' title='bbox 418 2740 486 2784; x_wconf 89' lang='lat' dir='ltr'><strong>non</strong></span> <span class='ocrx_word' id='word_1_68' title='bbox 509 2738 589 2782; x_wconf 86' lang='lat' dir='ltr'><strong>raro</strong></span> <span class='ocrx_word' id='word_1_69' title='bbox 613 2719 800 2795; x_wconf 88' lang='lat' dir='ltr'><strong>invenitur,</strong></span> <span class='ocrx_word' id='word_1_70' title='bbox 824 2719 872 2782; x_wconf 86' lang='lat' dir='ltr'><strong>ita</strong></span> <span class='ocrx_word' id='word_1_71' title='bbox 894 2725 1005 2783; x_wconf 85' lang='lat' dir='ltr'><strong>tamen</strong></span> <span class='ocrx_word' id='word_1_72' title='bbox 1029 2727 1066 2782; x_wconf 90' lang='lat' dir='ltr'><strong>ut</strong></span> <span class='ocrx_word' id='word_1_73' title='bbox 1092 2711 1169 2783; x_wconf 81' lang='lat' dir='ltr'><strong>c&#39;nm</strong></span> 
     </span>
     <span class='ocr_line' id='line_1_10' title="bbox 87 2812 1169 2908; baseline 0.003 -22"><span class='ocrx_word' id='word_1_74' title='bbox 87 2822 141 2889; x_wconf 88' lang='lat' dir='ltr'><strong>his</strong></span> <span class='ocrx_word' id='word_1_75' title='bbox 161 2827 224 2890; x_wconf 79' lang='lat'><strong>260</strong></span> <span class='ocrx_word' id='word_1_76' title='bbox 243 2821 575 2891; x_wconf 81' lang='lat' dir='ltr'><strong>&#39;versibiseiusmodt</strong></span> <span class='ocrx_word' id='word_1_77' title='bbox 599 2812 764 2904; x_wconf 85' lang='lat' dir='ltr'><strong>exempla,</strong></span> <span class='ocrx_word' id='word_1_78' title='bbox 784 2815 817 2887; x_wconf 86' lang='lat' dir='ltr'><strong>si</strong></span> <span class='ocrx_word' id='word_1_79' title='bbox 838 2823 982 2908; x_wconf 83' lang='lat' dir='ltr'><strong>largitor</strong></span> <span class='ocrx_word' id='word_1_80' title='bbox 1002 2841 1169 2905; x_wconf 81' lang='lat' dir='ltr'><strong>numeres,</strong></span> 
     </span>
     <span class='ocr_line' id='line_1_11' title="bbox 93 2915 1167 3010; baseline -0.003 -18"><span class='ocrx_word' id='word_1_81' title='bbox 93 2927 212 3010; x_wconf 80' lang='lat' dir='ltr'><strong>viginti</strong></span> <span class='ocrx_word' id='word_1_82' title='bbox 238 2927 409 3002; x_wconf 85' lang='lat' dir='ltr'><strong>invenias,</strong></span> <span class='ocrx_word' id='word_1_83' title='bbox 424 2925 528 3010; x_wconf 82' lang='lat' dir='ltr'><strong>&#39;apud</strong></span> <span class='ocrx_word' id='word_1_84' title='bbox 551 2915 703 3010; x_wconf 60' lang='lat' dir='ltr'><strong>Statium</strong></span> <span class='ocrx_word' id='word_1_85' title='bbox 731 2924 888 3008; x_wconf 85' lang='lat' dir='ltr'><strong>equidem</strong></span> <span class='ocrx_word' id='word_1_86' title='bbox 918 2925 1066 2992; x_wconf 82' lang='lat' dir='ltr'><strong>diversis</strong></span> <span class='ocrx_word' id='word_1_87' title='bbox 1086 2942 1167 3010; x_wconf 88' lang='lat' dir='ltr'><strong>ope-</strong></span> 
     </span>
     <span class='ocr_line' id='line_1_12' title="bbox 91 3027 1169 3114; baseline 0.001 -21"><span class='ocrx_word' id='word_1_88' title='bbox 91 3049 161 3094; x_wconf 89' lang='lat' dir='ltr'><strong>rum</strong></span> <span class='ocrx_word' id='word_1_89' title='bbox 191 3032 344 3113; x_wconf 88' lang='lat' dir='ltr'><strong>partibus</strong></span> <span class='ocrx_word' id='word_1_90' title='bbox 382 3030 458 3114; x_wconf 85' lang='lat' dir='ltr'><strong>pari</strong></span> <span class='ocrx_word' id='word_1_91' title='bbox 489 3046 630 3092; x_wconf 89' lang='lat' dir='ltr'><strong>numero</strong></span> <span class='ocrx_word' id='word_1_92' title='bbox 662 3047 820 3093; x_wconf 87' lang='lat' dir='ltr'><strong>versuum</strong></span> <span class='ocrx_word' id='word_1_93' title='bbox 850 3027 896 3092; x_wconf 88' lang='lat' dir='ltr'><strong>ad</strong></span> <span class='ocrx_word' id='word_1_94' title='bbox 917 3029 1084 3092; x_wconf 81' lang='lat' dir='ltr'><strong>calculum</strong></span> <span class='ocrx_word' id='word_1_95' title='bbox 1103 3050 1169 3094; x_wconf 77' lang='lat' dir='ltr'><strong>re-</strong></span> 
     </span>
     <span class='ocr_line' id='line_1_13' title="bbox 93 3131 1168 3214; baseline 0.003 -19"><span class='ocrx_word' id='word_1_96' title='bbox 93 3138 166 3196; x_wconf 84' lang='lat' dir='ltr'><strong>cato</strong></span> <span class='ocrx_word' id='word_1_97' title='bbox 204 3152 272 3198; x_wconf 88' lang='lat' dir='ltr'><strong>non</strong></span> <span class='ocrx_word' id='word_1_98' title='bbox 301 3132 405 3198; x_wconf 85' lang='lat' dir='ltr'><strong>facile</strong></span> <span class='ocrx_word' id='word_1_99' title='bbox 433 3131 523 3196; x_wconf 84' lang='lat' dir='ltr'><strong>citra</strong></span> <span class='ocrx_word' id='word_1_100' title='bbox 550 3131 673 3214; x_wconf 84' lang='lat' dir='ltr'><strong>viginti</strong></span> <span class='ocrx_word' id='word_1_101' title='bbox 701 3137 780 3195; x_wconf 92' lang='lat' dir='ltr'><strong>octo</strong></span> <span class='ocrx_word' id='word_1_102' title='bbox 808 3131 976 3199; x_wconf 87' lang='lat' dir='ltr'><strong>eiusmodi</strong></span> <span class='ocrx_word' id='word_1_103' title='bbox 1009 3151 1168 3198; x_wconf 87' lang='lat' dir='ltr'><strong>caesuras</strong></span> 
     </span>
     <span class='ocr_line' id='line_1_14' title="bbox 93 3233 1168 3318; baseline 0.003 -20"><span class='ocrx_word' id='word_1_104' title='bbox 93 3233 292 3318; x_wconf 84' lang='lat' dir='ltr'><strong>invenerim,</strong></span> <span class='ocrx_word' id='word_1_105' title='bbox 325 3235 415 3300; x_wconf 82' lang='lat' dir='ltr'><strong>ultra</strong></span> <span class='ocrx_word' id='word_1_106' title='bbox 445 3235 588 3318; x_wconf 84' lang='lat' dir='ltr'><strong>triginta</strong></span> <span class='ocrx_word' id='word_1_107' title='bbox 618 3253 688 3298; x_wconf 90' lang='lat' dir='ltr'><strong>non</strong></span> <span class='ocrx_word' id='word_1_108' title='bbox 721 3253 812 3299; x_wconf 89' lang='lat' dir='ltr'><strong>raro.</strong></span> <span class='ocrx_word' id='word_1_109' title='bbox 867 3233 1003 3298; x_wconf 87' lang='lat' dir='ltr'><strong>Deinde</strong></span> <span class='ocrx_word' id='word_1_110' title='bbox 1034 3233 1072 3298; x_wconf 90' lang='lat' dir='ltr'><strong>hi</strong></span> <span class='ocrx_word' id='word_1_111' title='bbox 1103 3236 1168 3301; x_wconf 73' lang='lat'><strong>260</strong></span> 
     </span>
     <span class='ocr_line' id='line_1_15' title="bbox 92 3337 1168 3442; baseline 0.001 -39"><span class='ocrx_word' id='word_1_112' title='bbox 92 3357 220 3420; x_wconf 77' lang='lat' dir='ltr'><strong>uersos,</strong></span> <span class='ocrx_word' id='word_1_113' title='bbox 243 3340 273 3402; x_wconf 88' lang='lat' dir='ltr'><strong>si</strong></span> <span class='ocrx_word' id='word_1_114' title='bbox 296 3339 473 3442; x_wconf 80' lang='lat' dir='ltr'><strong>exceperis</strong></span> <span class='ocrx_word' id='word_1_115' title='bbox 494 3355 654 3417; x_wconf 81' lang='lat' dir='ltr'><strong>„necesse</strong></span> <span class='ocrx_word' id='word_1_116' title='bbox 676 3339 748 3402; x_wconf 85' lang='lat' dir='ltr'><strong>est“</strong></span> <span class='ocrx_word' id='word_1_117' title='bbox 769 3357 806 3402; x_wconf 85' lang='lat' dir='ltr'><strong>v</strong></span> <span class='ocrx_word' id='word_1_118' title='bbox 826 3337 868 3404; x_wconf 86' lang='grc'><strong>14</strong></span> <span class='ocrx_word' id='word_1_119' title='bbox 891 3341 925 3400; x_wconf 85' lang='lat' dir='ltr'><strong>et</strong></span> <span class='ocrx_word' id='word_1_120' title='bbox 944 3339 1168 3422; x_wconf 65' lang='grc' dir='ltr'><strong>»ιιιιιιιιιιιςιιιι</strong></span> 
     </span>
     <span class='ocr_line' id='line_1_16' title="bbox 92 3427 1168 3526; baseline 0 -19"><span class='ocrx_word' id='word_1_121' title='bbox 92 3461 122 3507; x_wconf 88' lang='lat' dir='ltr'><strong>v</strong></span> <span class='ocrx_word' id='word_1_122' title='bbox 143 3443 203 3506; x_wconf 78' lang='lat'><strong>259</strong></span> <span class='ocrx_word' id='word_1_123' title='bbox 225 3427 378 3505; x_wconf 84' lang='lat' dir='ltr'><strong>nuliar&#39;n</strong></span> <span class='ocrx_word' id='word_1_124' title='bbox 399 3440 559 3505; x_wconf 86' lang='lat' dir='ltr'><strong>habent</strong></span> <span class='ocrx_word' id='word_1_125' title='bbox 574 3440 823 3516; x_wconf 81' lang='lat' dir='ltr'><strong>elisionem,</strong></span> <span class='ocrx_word' id='word_1_126' title='bbox 834 3439 942 3522; x_wconf 84' lang='lat' dir='ltr'><strong>unde,</strong></span> <span class='ocrx_word' id='word_1_127' title='bbox 965 3460 1168 3526; x_wconf 87' lang='lat' dir='ltr'><strong>quamquam</strong></span> 
     </span>
     <span class='ocr_line' id='line_1_17' title="bbox 94 3541 1168 3626; baseline 0.002 -20"><span class='ocrx_word' id='word_1_128' title='bbox 94 3563 156 3606; x_wconf 92' lang='lat' dir='ltr'><strong>non</strong></span> <span class='ocrx_word' id='word_1_129' title='bbox 175 3543 255 3606; x_wconf 91' lang='lat' dir='ltr'><strong>hinc</strong></span> <span class='ocrx_word' id='word_1_130' title='bbox 276 3543 383 3606; x_wconf 85' lang='lat' dir='ltr'><strong>sotum</strong></span> <span class='ocrx_word' id='word_1_131' title='bbox 406 3561 480 3608; x_wconf 86' lang='lat' dir='ltr'><strong>esse</strong></span> <span class='ocrx_word' id='word_1_132' title='bbox 501 3545 671 3626; x_wconf 83' lang='lat' dir='ltr'><strong>arbitror,</strong></span> <span class='ocrx_word' id='word_1_133' title='bbox 693 3561 823 3609; x_wconf 83' lang='lat' dir='ltr'><strong>summa</strong></span> <span class='ocrx_word' id='word_1_134' title='bbox 845 3549 898 3606; x_wconf 86' lang='lat' dir='ltr'><strong>cst</strong></span> <span class='ocrx_word' id='word_1_135' title='bbox 918 3562 986 3626; x_wconf 88' lang='lat' dir='ltr'><strong>qna</strong></span> <span class='ocrx_word' id='word_1_136' title='bbox 1006 3541 1073 3608; x_wconf 88' lang='lat' dir='ltr'><strong>hoc</strong></span> <span class='ocrx_word' id='word_1_137' title='bbox 1094 3563 1168 3608; x_wconf 86' lang='lat' dir='ltr'><strong>car·</strong></span> 
     </span>
     <span class='ocr_line' id='line_1_18' title="bbox 96 3633 1167 3732; baseline 0.001 -22"><span class='ocrx_word' id='word_1_138' title='bbox 96 3633 322 3710; x_wconf 75' lang='lat' dir='ltr'><strong>mensoribus</strong></span> <span class='ocrx_word' id='word_1_139' title='bbox 344 3645 519 3708; x_wconf 86' lang='lat' dir='ltr'><strong>blanditur</strong></span> <span class='ocrx_word' id='word_1_140' title='bbox 538 3649 704 3720; x_wconf 82' lang='lat' dir='ltr'><strong>suavitas.</strong></span> <span class='ocrx_word' id='word_1_141' title='bbox 727 3650 769 3710; x_wconf 85' lang='lat' dir='ltr'><strong>at</strong></span> <span class='ocrx_word' id='word_1_142' title='bbox 785 3645 886 3710; x_wconf 80' lang='lat' dir='ltr'><strong>Statii</strong></span> <span class='ocrx_word' id='word_1_143' title='bbox 908 3648 1059 3711; x_wconf 81' lang='lat' dir='ltr'><strong>carmina</strong></span> <span class='ocrx_word' id='word_1_144' title='bbox 1081 3667 1167 3732; x_wconf 86' lang='lat' dir='ltr'><strong>quo·</strong></span> 
     </span>
     <span class='ocr_line' id='line_1_19' title="bbox 99 3747 1166 3834; baseline 0.004 -24"><span class='ocrx_word' id='word_1_145' title='bbox 99 3765 219 3830; x_wconf 87' lang='lat' dir='ltr'><strong>conque</strong></span> <span class='ocrx_word' id='word_1_146' title='bbox 256 3747 334 3809; x_wconf 90' lang='lat' dir='ltr'><strong>loco</strong></span> <span class='ocrx_word' id='word_1_147' title='bbox 373 3747 563 3831; x_wconf 82' lang='lat' dir='ltr'><strong>evolveris,</strong></span> <span class='ocrx_word' id='word_1_148' title='bbox 596 3749 795 3814; x_wconf 83' lang='lat' dir='ltr'><strong>elisionibus</strong></span> <span class='ocrx_word' id='word_1_149' title='bbox 825 3765 928 3834; x_wconf 85' lang='lat' dir='ltr'><strong>parce</strong></span> <span class='ocrx_word' id='word_1_150' title='bbox 956 3767 1058 3815; x_wconf 88' lang='lat' dir='ltr'><strong>usum</strong></span> <span class='ocrx_word' id='word_1_151' title='bbox 1091 3767 1166 3814; x_wconf 83' lang='lat' dir='ltr'><strong>csse</strong></span> 
     </span>
     <span class='ocr_line' id='line_1_20' title="bbox 98 3849 435 3934; baseline -0.006 -17"><span class='ocrx_word' id='word_1_152' title='bbox 98 3869 249 3934; x_wconf 86' lang='lat' dir='ltr'><strong>nosquam</strong></span> <span class='ocrx_word' id='word_1_153' title='bbox 271 3849 435 3915; x_wconf 89' lang='lat' dir='ltr'><strong>invenies.</strong></span> 
     </span>
    </p>

    <p class='ocr_par' dir='ltr' id='par_1_3' title="bbox 104 3949 1166 4136">
     <span class='ocr_line' id='line_1_21' title="bbox 151 3949 1166 4039; baseline 0.003 -23.07"><span class='ocrx_word' id='word_1_154' title='bbox 151 3951 263 4016; x_wconf 89' lang='lat' dir='ltr'><strong>Hinc</strong></span> <span class='ocrx_word' id='word_1_155' title='bbox 299 3951 543 4030; x_wconf 82' lang='lat' dir='ltr'><strong>certissimum,</strong></span> <span class='ocrx_word' id='word_1_156' title='bbox 581 3949 669 4018; x_wconf 81' lang='lat' dir='ltr'><strong>illud</strong></span> <span class='ocrx_word' id='word_1_157' title='bbox 708 3954 900 4039; x_wconf 85' lang='lat' dir='ltr'><strong>poemation</strong></span> <span class='ocrx_word' id='word_1_158' title='bbox 943 3953 1053 4022; x_wconf 78' lang='lat' dir='ltr'><strong>Statio</strong></span> <span class='ocrx_word' id='word_1_159' title='bbox 1097 3973 1166 4020; x_wconf 86' lang='lat' dir='ltr'><strong>non</strong></span> 
     </span>
     <span class='ocr_line' id='line_1_22' title="bbox 104 4055 363 4136; baseline 0.015 -18"><span class='ocrx_word' id='word_1_160' title='bbox 104 4071 192 4136; x_wconf 82' lang='lat' dir='ltr'><strong>poste</strong></span> <span class='ocrx_word' id='word_1_161' title='bbox 211 4055 363 4122; x_wconf 83' lang='lat' dir='ltr'><strong>attribui.</strong></span> 
     </span>
    </p>
   </div>
   <div class='ocr_carea' id='block_1_3' title="bbox 542 4147 806 4176">
    <p class='ocr_par' dir='ltr' id='par_1_4' title="bbox 542 4147 806 4176">
     <span class='ocr_line' id='line_1_23' title="bbox 542 4147 806 4176; baseline 0 -6"><span class='ocrx_word' id='word_1_162' title='bbox 542 4147 712 4176; x_wconf 51' lang='lat' dir='ltr'><strong>m</strong></span> <span class='ocrx_word' id='word_1_163' title='bbox 804 4156 806 4162; x_wconf 52' lang='grc' dir='ltr'><strong>ι</strong></span> 
     </span>
    </p>
   </div>
   <div class='ocr_carea' id='block_1_4' title="bbox 895 4145 1039 4258">
    <p class='ocr_par' dir='ltr' id='par_1_5' title="bbox 895 4145 1039 4258">
     <span class='ocr_line' id='line_1_24' title="bbox 895 4145 1039 4258; baseline 0 0"><span class='ocrx_word' id='word_1_164' title='bbox 895 4145 1039 4258; x_wconf 67' lang='grc' dir='ltr'><strong>ιι</strong></span> 
     </span>
    </p>
   </div>
   <div class='ocr_carea' id='block_1_5' title="bbox 0 0 1420 4740">
    <p class='ocr_par' dir='ltr' id='par_1_6' title="bbox 0 0 1420 4740">
     <span class='ocr_line' id='line_1_25' title="bbox 0 0 1420 4740; baseline 0 0"><span class='ocrx_word' id='word_1_165' title='bbox 0 0 1420 4740; x_wconf 95' lang='lat' dir='ltr'><strong> </strong></span> 
     </span>
    </p>
   </div>
  </div>
 </body>
</html>
