2866 4730
135 559 230 627 Eust.
253 551 352 620 adb.
374 554 398 618 1.
422 571 455 637 p.
476 553 554 630 939,
574 555 634 640 qui
655 555 690 620 in
712 553 778 638 tim
799 551 895 622 addit
915 555 957 622 de
976 555 1068 624 suist
1089 545 1193 638 βαριλ-

136 682 227 728 νιται
253 653 291 742 δι’
317 647 442 739 ὁμοίως
466 651 523 720 ναὶ
548 647 731 744 ξνρῆνηςὸ
758 650 935 746 ξνρήοιμος
958 652 1014 724 καὶ
1045 653 1194 740 κουριῶν,

139 759 187 841 ὥς
206 780 377 884 φησινι
325 750 450 833 Αἴλιος
462 749 652 834 Διονύσιος.
697 755 824 824 Herod.
851 761 903 836 Π,
931 760 995 828 tos
1020 751 1197 844 τανυήκεας

141 859 187 943 ὥς
217 855 387 948 ινμήκοας.
415 851 520 938 ουτως
513 841 750 1026 αιὲγώοθη
781 854 917 943 εἴπομεν
944 854 1023 928 δι”
1007 885 1043 927 εν
1070 853 1196 956 ἑτέροις

114 955 197 1034 ῃκαὶ
228 960 286 1052 τὴν
315 951 480 1082 ἀηιορμῆν.
627 966 661 1026 st
692 965 743 1036 (ct
763 960 935 1043 schol.,)t
962 961 1080 1045 3871).
1103 963 1196 1040 1695,

141 1070 184 1134 al
214 1056 374 1154 πνριηνὴς
405 1058 442 1129 δὲ
461 1053 630 1144 μὸγλος
614 1085 633 1158 ο
662 1045 732 1128 οιον
762 1053 960 1150 ἠκονημένας
987 1056 1084 1150 πορί·
1110 1085 1140 1128 ει
1129 1055 1198 1128 ’dd

141 1164 196 1234 redi
215 1157 402 1254 βαρυτόνως
422 1157 584 1252 γράφεται
605 1151 780 1252 π’νριῆκης,
803 1167 1025 1256 σονηγοριῖται
1049 1156 1118 1232 ὑπὸ
1138 1163 1199 1232 τοῦ

145 1263 300 1358 τανύηκες
319 1261 416 1354 ξίφος
435 1263 492 1336 ναὶ
512 1266 576 1334 τῶν
598 1257 796 1348 ὁμοίων.-

226 1419 328 1498 Qnod
354 1415 549 1484 Eustatbius
568 1409 738 1506 η’πινριηκέο
767 1419 868 1485 etiarn
888 1419 1019 1488 inuenit
1038 1419 1072 1487 b.
1098 1421 1122 1486 Ι.
1144 1423 1201 1485 aut

141 1522 186 1590 ad
211 1521 441 1602 Ptolemaeum
469 1522 633 1606 pertinet,
662 1521 719 1605 qui
742 1527 852 1588 tamen
872 1522 937 1590 hoc
958 1523 1056 1588 modo
1076 1527 1200 1588 temere

144 1623 328 1699 refutatur,
357 1626 414 1687 aut
433 1623 640 1706 negligenter
661 1624 806 1707 scriptos
826 1625 962 1692 codices
982 1623 1115 1705 habuit,
1142 1631 1200 1690 ant

139 1726 244 1792 tertio
281 1723 381 1789 modo
413 1724 646 1808 explicandum
668 1732 732 1796 est
769 1743 811 1792 ex
846 1729 1061 1792 annotatione
1092 1725 1197 1792 schol.

140 1823 272 1892 Phocn.
296 1824 379 1902 379,
406 1843 504 1909 qnam
530 1847 551 1891 a
576 1825 750 1891 Lobeclrio
771 1832 849 1912 peto
871 1828 915 1892 nd
936 1829 990 1893 Αἰ
1012 1847 1045 1911 p.
1068 1828 1147 1900 210,
1177 1845 1200 1891 a

138 1947 207 2013 quo
227 1928 262 1991 in
284 1925 499 1992 diiudicanda
518 1927 577 1992 illa
599 1927 766 2011 paululum
788 1927 937 1996 discedo.
971 1931 1007 1996 Is
1019 1928 1200 1996 scholiasta
1322 1923 1328 1929 ’

143 2030 196 2093 sic
228 2027 365 2094 scribite¹
396 2021 478 2114 τινἰρο
510 2025 668 2116 ξνρηνές)
699 2027 739 2096 τὸ
770 2023 958 2154 ξνρηνές“
934 2053 980 2109 ως
1010 2023 1134 2118 ἀπηνές
1148 2028 1200 2132 τῷ

139 2123 242 2216 τόνῳ·
274 2122 473 2216 παραλόγως
502 2127 565 2217 γὰρ
597 2128 754 2220 ἐξηνέχθη
785 2128 840 2198 ναὶ
860 2127 920 2200 οὖν
950 2129 1017 2216 ἔχοι
1043 2126 1102 2220 τὴν
1121 2114 1201 2216 ἄντην

137 2226 335 2320 ἐγκιιμένην,
362 2222 409 2308 ὥς
435 2221 518 2296 τὸ”
494 2253 654 2319 αμφηνες.
696 2234 767 2320 Pro
788 2227 986 2323 παραλόγως
1004 2237 1064 2301 uix
1084 2234 1201 2300 dubito
1279 2311 1282 2322 Δ

139 2333 217 2420 quin
238 2333 411 2416 scripserit
432 2327 652 2419 παραγώγως,
675 2356 741 2419 quo
762 2338 907 2405 fortaese
926 2358 994 2402 non
1013 2355 1202 2422 paragogen

142 2454 217 2500 csse
236 2433 378 2515 indicat,
400 2434 460 2500 sed
479 2434 564 2500 illud
586 2427 648 2521 ἇκὴ
669 2432 814 2506 hicnon
835 2440 1026 2524 significare
1048 2445 1080 2504 et
1102 2440 1201 2524 quie·

146 2535 433 2602 coenaculum
455 2541 508 2602 est
530 2535 618 2601 enirn
638 2536 705 2602 iam
726 2543 761 2604 et
781 2541 993 2626 exploratum
1014 2539 1080 2604 boc
1101 2541 1201 2606 etiarn

140 2657 239 2704 sensu
273 2639 505 2721 grammaticos
542 2631 703 2726 παράγειν
739 2641 874 2718 elicere,
914 2662 976 2726 pro
1014 2637 1200 2725 παρέλκειν.

142 2737 221 2806 Scb.
242 2739 293 2816 Π,
314 2742 376 2807 935
395 2729 842 2830 ιιίροοιλιιίης)παραγοιγὸνζ
822 2745 993 2832 ηγοῦνται,
1014 2737 1202 2807 τοιντέοτι

103 2852 105 2862 “
142 2837 355 2928 παρολκῆν
392 2841 460 2926 τῆς
495 2837 741 2922 intentione
773 2843 929 2924 λέξεως.
961 2863 994 2908 v
1028 2843 1113 2908 Lob.
1145 2841 1201 2906 Δί.

143 2963 175 3026 p.
205 2943 277 3008 399.
303 2944 442 3008 499-
469 2941 620 3008 Fuerunt
641 2947 745 3032 igitur
765 2948 824 3032 qui
846 2946 1063 3013 delitescente
1084 2961 1201 3008 secun·

142 3043 207 3108 dae
250 3044 360 3128 pariis
405 3045 651 3128 significatione
687 3047 771 3114 haec
806 3053 905 3113 acuto
942 3053 1059 3112 tenore
1096 3044 1201 3110 scribi

145 3145 339 3211 voluerunt:
368 3146 496 3230 qualern
526 3145 751 3213 differentiam
780 3153 913 3214 veteres
941 3169 1008 3214 uon
1029 3148 1200 3231 statuisse,

145 3251 237 3328 patet
268 3265 311 3312 ex
346 3246 439 3310 delio
471 3247 640 3333 Dionysio
673 3272 729 3333 ap.r
758 3251 852 3316 Enst.
886 3255 921 3314 et
951 3270 995 3316 ex
1017 3249 1201 3314 Aristonici

144 3347 396 3432 Herodianique
428 3351 517 3413 notis
550 3351 594 3414 ad
625 3351 834 3432 lisciaco.
866 3348 1135 3418 fflcoenlioribns
1157 3350 1200 3416 ad

143 3455 240 3514 omne
272 3469 374 3533 genus
401 3447 648 3516 distinctionum
681 3437 949 3538 propensissimis
975 3450 1041 3517 hoc
1067 3473 1199 3538 quoque

143 3549 292 3616 adscribi
325 3551 510 3634 possevin<
535 3553 618 3618 mihi
645 3555 828 3622 dubitabile
853 3555 997 3622 videtur.
1041 3553 1200 3622 Fortasse
1321 3538 1326 3548 ⁴

142 3655 253 3718 tannen
280 3652 338 3718 ille
363 3652 544 3722 scholiasta
571 3675 682 3724 veram
705 3675 892 3744 paragogen
913 3656 1059 3744 intelligi
1079 3658 1201 3728 uoluit

148 3815 370 3835 ...μισῇ-

144 3940 200 3994 τοις
224 3935 315 4006 Educet
338 3941 406 3995 νέαν
429 3936 552 4008 dromi
576 3938 676 4008 leo*
659 3941 767 4012 ανωνὴν
790 3945 837 4001 acl
856 3942 1026 4016 diuiserat.-
1050 3941 1154 4013 Ιιλῆνιης
1169 3950 1198 4000 et

143 4015 261 4090 προήκω
276 4023 408 4089 quosdam
425 4022 493 4081 ab“
477 4043 532 4092 ρια
549 4026 665 4084 duxisse
681 4030 799 4088 ostendit
815 4033 886 4091 bob.
904 4033 941 4088 ad
957 4030 1004 4086 lii.
1021 4049 1049 4101 p.
1066 4033 1125 4090 399
