2886 4728
1041 411 1044 436 ἱ
1118 257 1324 412 ,111

164 549 270 616 geque
291 527 442 612 superari
465 521 667 614 lectionibus
685 545 800 592 eoram
820 523 958 607 habitio,
978 529 1025 603 et,
1041 521 1165 610 inquit,
1186 542 1229 588 ne

167 634 242 718 quis
273 637 367 715 putet
399 649 441 694 ex
474 629 624 711 scriptia,
656 647 742 712 quae
773 629 870 712 quasi
901 628 1062 712 quaedam
1092 626 1229 692 umbrae

166 743 241 801 eunt
262 736 335 798 eius
356 732 530 796 doctrinae
550 737 585 794 et
597 730 800 813 prudentiae,
822 735 973 795 totumne
988 730 1155 813 cognitum
1169 726 1226 794 lua·

163 839 309 902 biturum
333 834 558 898 Alexandrum
571 839 613 912 *1.

248 938 404 1002 Attamen
422 928 599 1021 Ὁμηρικὴν
619 925 818 1020 συγγραφήν,
840 951 937 1018 quam
960 953 1054 998 unam
1077 949 1122 996 ex
1143 929 1232 994 aori-

164 1040 233 1124 ptis
261 1044 506 1110 eornmemormat
529 1044 562 1103 et
589 1037 696 1123 ipsam
724 1057 789 1100 nou
815 1055 882 1100 uuo
904 1035 1003 1100 modo
1025 1034 1228 1098 laudabilem
1329 1095 1334 1100 .

165 1163 239 1206 esse
261 1139 355 1204 dicit.
400 1138 483 1203 Sunt
504 1137 561 1203 isti
582 1141 658 1204 siue
679 1138 780 1202 dubio
802 1137 1030 1204 commentarii
1041 1134 1229 1214 Homerici

164 1245 285 1326 quibos
310 1241 522 1325 Porphyrius
545 1225 1229 1326 ατοεοε1·ᾶὶοοο1111ἐξηνητικὰροσοε1.

42 1427 44 1432 ,
164 1345 266 1410 Hom.
290 1343 508 1416 7(Schol...
487 1345 512 1379 V
511 1343 637 1423 59,9).
660 1340 751 1424 quod
771 1362 837 1406 nou
858 1342 1002 1425 amplum
1023 1332 1230 1404 videturvo·

164 1445 278 1510 lumen
319 1441 443 1526 iuispe,
481 1445 510 1507 si
549 1443 631 1528 qnid
672 1441 749 1507 inde
784 1442 941 1535 oonoludi
973 1449 1099 1528 potest,
1136 1439 1227 1534 ¹quod

145 1547 210 1612 de
242 1547 318 1610 loco
349 1545 471 1610 Iliadis
501 1547 537 1619 Σ,
569 1545 632 1612 5119
665 1545 700 1607 in
729 1545 816 1609 libro
850 1547 997 1612 secundo
1025 1549 1228 1629 exposuerat

162 1647 307 1732 (Porph.
335 1646 359 1710 1.
383 1647 431 1724 1.).
473 1647 633 1710 Prodidit
654 1645 712 1709 lrio
733 1645 949 1733 Porphyrius
971 1645 1156 1742 Alexandri
1177 1648 1228 1710 in-

162 1749 444 1834 terpretationem
481 1747 549 1811 loci
593 1747 841 1830 impeditissimi
885 1748 928 1812 de
971 1749 1053 1811 urbe
1091 1751 1229 1814 obsessa
1281 1793 1284 1802 -

164 1850 204 1914 in
232 1847 379 1916 Achillis
409 1847 537 1932 clypeo.
581 1847 677 1924 Quae
709 1867 869 1932 perversa
899 1853 952 1914 est
982 1850 1228 1932 interpretatio.

159 1951 220 2018 Sia
259 1951 294 2014 in
333 1947 399 2012 11οσ
433 1969 465 2014 v.
499 1953 562 2014 513
594 1943 626 2014 oi
666 1939 763 2014 d'’
730 1941 825 2014 οὔπω
857 1942 1028 2023 πείθοντο,
1082 1944 1168 2040 λόχῳ
1200 1948 1228 2014 δ’

162 2042 443 2137 ὑπεθωρήσσοντο
471 2050 596 2136 duplex
630 2052 815 2116 subiectum
843 2071 918 2116 esse
945 2053 1036 2134 vult,
1072 2064 1108 2115 ut
1135 2050 1230 2134 prius

165 2155 301 2220 verbum
314 2152 356 2215 de
377 2154 534 2235 obsessis,
557 2154 695 2218 alterum
718 2153 760 2216 de
782 2153 1009 2222 obsidentibus
1031 2154 1227 2238 accipiatur.

165 2255 350 2320 verissime
378 2251 420 2318 de
446 2261 518 2319 tota
544 2255 615 2320 eius
643 2255 919 2338 interpretatione
937 2253 1185 2344 Porphyrius'
1176 2277 1229 2320 111-

167 2357 276 2421 dicat:
305 2351 394 2421 ἔστιν
415 2349 662 2441 ἐλεγχόντων
629 2379 685 2422 τον
706 2379 879 2478 ποιρτρνρ
879 2353 911 2444 νὴ
864 2351 1117 2441 paulinam
1144 2351 1229 2447 φρά-

172 2451 277 2540 ζειν’
258 2449 440 2543 αταρᾶχονς

251 2577 339 2642 item
367 2576 521 2661 respexit
551 2575 642 2644 huno
675 2576 943 2644 Alexandrum
934 2598 968 2641 un
1001 2576 1078 2642 loeo
1113 2581 1152 2654 Τ,
1184 2579 1227 2646 79

168 2671 323 2754 εσταότος
347 2669 664 2759 pdvxoidvaiaodatv,
687 2671 765 2749 odda*
776 2675 882 2746 ἔοικεν
892 2671 1066 2762 ὑββάλλειν
1088 2679 1227 2757 Quaest.

166 2779 267 2845 llorn.
289 2781 330 2846 id
350 2779 478 2858 (Sobel.
503 2777 535 2844 h.
558 2779 607 2858 1.).
632 2781 699 2846 llio
719 2781 854 2866 quidem
876 2781 960 2847 nibil
981 2781 1080 2848 habet
1102 2783 1136 2846 in
1160 2802 1229 2847 ma·

167 2881 373 2964 lampertum
387 2883 619 2948 memorabile:
635 2904 718 2949 vera
733 2885 865 2967 quidem
879 2883 1061 2968 explicatio
1075 2891 1227 2948 noneste

168 2985 227 3047 sed
248 2982 335 3047 burne
350 2984 469 3058 locum,
482 2983 517 3046 ni
529 2983 641 3065 fallor,
654 3005 749 3048 uerno
762 2985 956 3067 explicabit.
971 2983 1070 3060 -N,
1093 2987 1155 3050 358
1176 2980 1229 3052 roi
1287 3029 1292 3058 2
1418 3029 1419 3048 .

29 3114 32 3124 ·
164 3081 331 3171 δ’ἔριδος
357 3085 512 3171 κρατερῆς
532 3077 742 3168 καὶὸμοιίοο
761 3080 923 3165 πολέμοιο
946 3087 1065 3172 πεῖραρ
1086 3079 1229 3170 irretiri·
1347 3133 1419 3153 ,,

164 3183 277 3264 ξαντες
296 3179 349 3252 ἐπ’
375 3180 595 3273 ἀμφοτέροισι
614 3180 792 3263 τάνυσσαν,
819 3187 892 3260 (ubi
911 3186 991 3250 item
1014 3185 1228 3284 Porphyrius

165 3289 302 3354 ridetur
328 3307 421 3372 esee,
449 3289 509 3373 qui
530 3291 601 3354 eiua
621 3291 870 3356 annotationem
900 3291 1235 3382 1111111111111111111Ι

233 3557 247 3591 a

234 3558 389 3709 *1)ρῇἶῇ
406 3645 440 3702 19
453 3643 605 3700 Alexandri
623 3646 774 3720 explicatio
793 3647 820 3704 in
838 3649 901 3706 eod.
919 3652 953 3707 A.
970 3667 1093 3706 seorsum
1111 3651 1228 3707 exbibe-

165 3733 224 3792 tur‚
246 3743 319 3796 quae
339 3737 428 3784 tamen
445 3740 577 3798 excerpta
593 3741 635 3787 eat
651 3749 690 3815 ex
705 3733 902 3807 Porplryriana
918 3748 982 3792 neta
999 3738 1059 3792 cod.
1078 3737 1116 3804 B,
1138 3737 1180 3792 aie
1199 3738 1228 3792 h.

166 3818 186 3865 t.
204 3812 303 3866 lactum
321 3813 443 3868 videtur:
472 3823 499 3868 et
516 3810 626 3882 quidem
643 3832 765 3872 seorsum
783 3831 915 3890 excerpta
932 3821 1084 3891 explicatio
1103 3823 1238 3882 Alexam

165 3893 210 3949 dri
234 3901 271 3966 (p.
297 3901 357 3955 368.
384 3915 409 3955 a.
435 3901 471 3968 8),
493 3915 615 3956 aeoraurn
638 3901 727 3971 ipsius
746 3904 903 3977 Porphyrii
922 3907 974 3970 tibi
993 3911 1050 3966 til:
1069 3925 1130 3964 uam
1148 3909 1227 3974 haec,
1353 3971 1355 3979 p

165 3995 236 4036 uuae
252 3981 451 4053 ornarerip'tanr
468 3984 551 4042 babet
566 3987 739 4062 Πορφυρίον,
757 4006 811 4052 nou
828 4000 868 4048 est
887 3991 1011 4060 prolecto
1030 4001 1086 4048 tuta·
1094 3992 1226 4066 Porphy-
