2886 4728
243 597 248 628 ι
273 574 387 641 diano.
441 573 539 640 Nunc
568 573 652 639 iilntl
675 576 912 661 odilmanno
939 575 982 638 iis
1003 573 1138 659 quidem
1159 573 1245 641 locis
1266 597 1337 640 onr-

41 679 46 692 '
164 729 170 742 .
270 679 378 756 nibus,
401 679 457 762 qul
481 679 578 763 pauci
600 665 695 760 ἐσσε,7
709 680 828 762 quibus
840 677 1035 742 Ensinthins
1047 678 1187 759 Apionis
1209 681 1337 774 nomini

270 781 334 844 soli
361 781 490 864 aliquid
511 788 683 862 acceptum
708 781 825 861 refert,
848 781 1049 861 singularem
1072 781 1215 863 aliquem
1229 783 1335 862 Apio·

272 884 324 946 nis
346 883 465 946 librom
489 883 825 966 circumspiciendum
849 901 933 960 esse,
955 882 1015 945 sed
1039 881 1088 942 uli
1102 882 1192 974 illurn
1206 881 1338 964 aliquo-

268 986 334 1049 ties
363 985 536 1048 brevitatis
564 1003 665 1046 causa
691 985 823 1066 Apione
852 1003 911 1064 pro
935 983 1064 1065 Apione
1086 989 1118 1044 et
1141 983 1335 1065 Herorloro,

269 1106 312 1149 ex
338 1087 454 1150 eodem
482 1086 542 1148 illo
563 1086 666 1160 libro,
695 1086 790 1148 cuins
812 1084 942 1147 landem
966 1085 1044 1146 huic
1066 1085 1200 1167 uirique
1223 1085 1335 1150 deira-

265 1190 385 1266 xirnuS‚
414 1186 581 1249 haurienti.
635 1187 721 1250 llam
745 1186 787 1250 ad
812 1187 851 1250 ll.
876 1188 919 1265 K,
944 1189 1004 1250 105
1025 1183 1071 1268 (ρ’.
1094 1187 1168 1264 792,
1194 1191 1247 1263 14)
1271 1188 1335 1251 hoc

266 1289 365 1352 modo
388 1289 461 1352 ille:
485 1286 519 1380 έν
548 1286 584 1351 δέ
612 1289 657 1372 roi
677 1283 743 1372 Ιὅσα
764 1280 818 1352 νέιν
841 1309 907 1350 που
939 1283 1093 1351 ἐέλπεται
1121 1285 1333 1354 συστέλλεται

266 1389 304 1453 τὸ
333 1413 388 1456 νυν
414 1387 495 1452 κατὰ
518 1386 574 1451 τὸν
591 1382 750 1470 Ἀπιίονα,
779 1386 835 1453 διὰ
857 1386 894 1452 τὸ
915 1385 1044 1488 μέτρον.
1089 1389 1133 1451 Al
1155 1387 1240 1453 haec
1263 1391 1333 1452 He-

265 1493 397 1556 rodiani
431 1490 584 1554 doctrina
616 1497 667 1552 est
688 1493 734 1569 (v.
769 1492 859 1554 infra
888 1510 997 1573 praec.
1030 1509 1169 1572 gramm.
1203 1492 1246 1555 de
1276 1515 1333 1570 en,-

264 1594 340 1658 clisi
368 1594 393 1667 i.
418 1593 472 1670 7):
496 1593 593 1675 petiit
618 1591 811 1654 Euclnlhius
833 1613 876 1655 ex
899 1594 984 1670 illis,
1013 1612 1095 1675 quos
1126 1593 1266 1676 Apionis
1296 1603 1329 1658 ei

264 1693 435 1757 Herodo'ri
462 1695 594 1756 nornine
616 1695 796 1775 inscriptos
824 1692 950 1771 habuit,
973 1696 1240 1777 commentariis:
1270 1695 1329 1758 sori

263 1793 422 1874 hicnon,
447 1804 481 1858 ot
502 1795 602 1873 solet,
626 1803 801 1876 utrumque
824 1802 991 1856 auclorem
1017 1793 1159 1883 profert,
1182 1795 1242 1858 scri
1256 1799 1330 1859 brc-

261 1898 377 1959 vilalis
405 1916 506 1959 cansa
534 1916 632 1957 unnnr
657 1897 827 1976 Apionern.
874 1897 999 1957 Eadem
1024 1898 1215 1959 observatio
1240 1897 1332 1962 vaiet

260 1997 302 2060 ad
325 1996 566 2076 expediendam
589 1993 833 2074 difficultatem,
855 2016 939 2076 quoe
952 1997 1110 2058 obiicitur
1122 1996 1228 2062 schol.
1243 1999 1328 2064 Vcn.

261 2098 303 2161 ad
326 2095 365 2159 ll.
388 2099 415 2175 1,
448 2099 511 2162 453
544 2117 618 2159 cum
650 2095 818 2160 Euslalhii
851 2103 930 2159 nola
962 2098 1004 2159 nd
1044 2098 1183 2160 eundem
1219 2099 1328 2164 locum

263 2198 466 2262 conferenli.
510 2197 599 2260 Illud
630 2197 788 2260 Scholion
816 2200 866 2261 slc
894 2218 932 2261 se
960 2197 1077 2262 habel:
1105 2201 1146 2286 τῇ
1174 2195 1331 2286 πιθόμην

257 2297 314 2364 καὶ
338 2296 444 2384 ἔρεξα.
484 2292 716 2392 Ἀριστόδημος
737 2293 755 2362 li
779 2292 955 2376 Νιισαιεέις,
978 2293 1086 2386 ῥήτωρ
1108 2321 1143 2364 τε
1165 2293 1252 2366 ἀλλὰ
1275 2299 1328 2367 καὶ

257 2393 490 2486 γραμματικός,
514 2396 642 2486 φεύγων
663 2399 700 2466 τὸ
722 2398 875 2486 ἔγκλημα,
897 2393 1053 2487 έπενὸησε
1069 2400 1200 2488 γραφήν
1215 2401 1275 2489 τήν
1290 2401 1327 2490 τῇ

257 2495 297 2568 οὔ
319 2497 469 2588 πιθόμην
490 2497 561 2568 οὐδ’
578 2501 668 2588 ἔρξα·
681 2505 746 2576 (sic
759 2506 796 2580 l.)
808 2499 862 2567 καὶ
876 2495 915 2566 οὐ
929 2497 1029 2584 μόνον
1042 2525 1078 2586 με
1093 2499 1323 2593 ηὐδοκίμησεν,

257 2597 342 2669 ἀλλὰ
368 2601 424 2669 καὶ
445 2600 585 2692 ἐτιμήθη
608 2600 654 2684 ὡς
673 2599 790 2688 εὐσεβῆ
811 2599 954 2691 τηρήσας
979 2601 1037 2666 τὸν
1064 2599 1173 2690 ἥρωα.
1199 2603 1270 2692 πρὸ
1294 2607 1328 2673 δέ

257 2699 358 2771 αὐτοῦ
379 2702 574 2793 Σωσιφάνης
596 2703 653 2794 τήν
675 2701 827 2793 τοιαύτην
850 2694 923 2790 εὗρε
945 2699 1088 2790 γραφήν.
1112 2704 1168 2770 καὶ
1179 2704 1325 2793 Elpini-

256 2809 315 2895 6ης
347 2806 383 2874 δέ
415 2803 642 2894 ἀναμάρτητον
685 2803 807 2894 εἰσάγει
839 2805 896 2872 τὸν
924 2803 1016 2892 ήρωα
1046 2801 1080 2870 έν
1100 2798 1146 2891 τήἳ
1172 2807 1324 2875 Φοίνικι.

254 2911 379 2976 ταῦτα
401 2901 925 2996 ἱστορεῖἉρποκρατίωνὸ
956 2903 1041 2972 Δίου
1069 2902 1271 2990 διδάσκαλος
1293 2911 1324 2978 έν

145 3035 158 3056 ι·
257 3007 420 3096 ποιήματι
449 3014 506 3098 τής
538 3014 555 3076 ϊ
580 3019 604 3077 l.
655 3011 749 3076 Haec
778 3008 896 3074 iisdem
926 3011 1038 3074 verbis
1068 3011 1175 3076 refert
1199 3015 1323 3079 Eosla-

157 3143 159 3148 ·
254 3114 363 3194 thius,
392 3117 456 3177 nisi
480 3115 567 3199 quod
596 3113 876 3197 Harpocrationis
905 3112 1136 3174 auclorilalero
1162 3121 1323 3180 ornillens

252 3220 300 3282 ila
326 3216 472 3282 induciix
497 3209 644 3280 Ἀπίων
665 3215 709 3280 δέ
731 3237 854 3300 φησιν
876 3207 929 3276 ὅτι
946 3205 1187 3300 Ἀριστόδημος
1210 3211 1229 3281 ὁ
1254 3223 1322 3282 Να-

252 3315 350 3392 σαεὺς
395 3311 503 3404 ρήτωρ
539 3340 575 3381 τε
613 3314 669 3380 καὶ
706 3309 938 3400 γραμματικός,
970 3325 1057 3414 cell.
1100 3317 1249 3382 Scilicet
1289 3328 1322 3381 ot

251 3439 338 3482 nunc
366 3415 450 3480 haec
478 3417 512 3480 in
535 3416 639 3490 schol,
663 3417 749 3479 Ven.
775 3418 946 3500 leguntur,
976 3418 1028 3481 sic
1051 3419 1148 3483 Eusl.
1174 3423 1211 3484 in
1236 3423 1320 3484 libro

250 3529 310 3584 sno
338 3519 461 3602 Apioni
482 3525 515 3581 ct
535 3517 713 3582 Herodoro
737 3521 901 3602 inscripto
923 3520 1067 3585 invenit:
1091 3523 1182 3586 node
1206 3535 1322 3607 petens

165 3613 169 3620 ’
248 3622 412 3708 Apinnem
433 3617 499 3684 hoc
520 3619 606 3683 dicit
627 3641 766 3684 narrare
778 3621 820 3699 *).

282 3809 296 3862 ‘l

298 3877 340 3968 s)
359 3842 435 3930 Qua'e
451 3874 503 3929 cub
525 3873 644 3946 Apionis
661 3885 688 3928 ει
704 3872 843 3928 Herodoti
863 3875 972 3928 nornine
988 3874 1024 3928 de
1041 3869 1130 3945 paline
1147 3837 1319 3934 offerrEust.

244 3952 280 4024 Κ,
311 3966 365 4018 253
386 3971 449 4014 sunl
470 3960 498 4013 in
519 3960 613 4014 ‘schol
636 3961 705 4016 νεα.
730 3963 755 4016 h.
784 3961 802 4013 l.
845 3959 962 4036 Apionis
988 3961 1116 4013 vocabuli
1149 3960 1242 4031 φάλος
1266 3979 1316 4018 ex·

241 4023 425 4135 plicirlorrem
445 4044 545 4110 eiiam
564 4041 649 4114 luisse
667 4045 767 4101 scimus
784 4055 813 4100 el
830 4043 976 4117 Apollonii
994 4045 1043 4100 lex
1061 4047 1145 4100 Hom.
1165 4061 1189 4100 ε.
1208 4064 1235 4103 v.
