2820 4740
1102 375 1179 458 297

100 589 160 662 καὶ
181 583 320 677 nerium
341 581 548 676 qualquuor'rr
567 579 654 674 ὑπὲρ
675 575 1029 672 imitaremur&
1051 539 1181 653 Koriai-

98 718 163 784 την
189 688 216 760 τ’
245 685 386 780 ἀγόρευε
412 685 599 778 προῶρεον·
626 683 784 777 αἰδομένη
811 685 849 757 δὲ
869 683 998 766 πένθος
1019 679 1105 774 inne
1122 685 1183 757 ναὶ
1318 705 1322 710 ’
1380 773 1382 781 y

83 793 231 874 ’κάλλος
251 791 423 883 ἐπέφραδε
444 787 707 887 Χαλκομεδείης.

189 900 322 966 Eodem
351 895 466 964 refero
493 898 582 962 alios
606 893 772 988 *quopiam
800 894 913 970 locos,
942 893 998 960 ubi
1020 889 1089 960 duo
1109 899 1186 962 tau-

100 1007 175 1069 tum
197 1001 715 1085 nominnper,„et“eonienetn
736 1001 871 1064 suntin
898 996 1231 1070 enuntiationibus
1312 1036 1314 1048 ι
1389 986 1391 1020 ¹

100 1125 166 1190 por
187 1102 225 1171 δέ
244 1104 310 1180 (vel
331 1100 404 1178 καὶ)
426 1113 461 1168 et
483 1105 621 1176 verbum
633 1104 903 1187 procedentibus,
926 1103 1072 1168 maxime
1092 1102 1130 1165 in
1152 1121 1187 1166 n.
1284 1163 1288 1188 ἡ
1386 1097 1392 1120 ¹

103 1209 269 1291 propriist
291 1206 365 1284 xl,
387 1211 465 1287 illl,
487 1207 545 1270 ubi
568 1227 636 1274 uno
659 1207 769 1270 miuus
789 1207 894 1272 totius
919 1205 989 1272 looi
1009 1204 1190 1270 character

103 1310 311 1375 enumeratio
339 1316 410 1388 est‚·
426 1309 628 1391 ¹XXXVI,
649 1311 730 1376 lte:
750 1313 794 1385 ,et
816 1309 900 1374 duos
922 1309 1018 1374 loeus
1038 1299 1091 1385 V,
1110 1310 1188 1384 ‚aab

104 1414 195 1496 vu,
227 1413 286 1493 93,
320 1412 442 1498 quibus
473 1417 617 1497 propter
643 1410 733 1477 hane
753 1411 1011 1478 similitudinem
1034 1415 1129 1477 reete
1150 1403 1190 1477 δέ

104 1537 184 1581 cum
217 1537 254 1580 τε
287 1520 525 1580 commutatum
558 1514 696 1601 opinor,
730 1511 800 1579 nisi
833 1513 925 1600 quorl
962 1515 1079 1598 priore
1110 1517 1190 1599 post

105 1639 142 1685 r.
165 1619 229 1683 236
261 1635 397 1682 versum
427 1618 601 1686 excidisse
629 1617 861 1684 verisimilius.
912 1615 981 1682 Sed
1007 1615 1097 1699 XL,
1123 1615 1189 1682 279

106 1739 231 1791 vereor
262 1737 305 1786 ne
337 1721 405 1785 iarn
438 1717 493 1786 res
526 1723 602 1806 ipse
631 1721 776 1788 suadeat
806 1724 945 1804 utpost
966 1721 1191 1788 traversum
1280 1753 1283 1760 ,

106 1823 242 1908 aliquot
276 1830 455 1908 praeterea
472 1821 608 1889 ·lndiae
639 1824 727 1888 bona
749 1827 997 1888 enumerantem
1018 1821 1192 1888 excidisse

107 1931 276 2010 putemus.
319 1925 368 1990 Et
390 1927 460 1990 erit
480 1925 629 1994 fortasse
650 1927 710 2011 qui
734 1927 768 1989 'n
791 1925 934 1992 eundem
961 1926 1116 1990 ordinem
1136 1945 1192 1990 re-

108 2026 198 2093 ferri
223 2025 306 2094 velit
324 2027 379 2108 fl,
401 2022 475 2094 396.
499 2029 570 2106 vl,
592 2031 667 2096 215.
688 1949 758 2111 Vl,
781 2031 855 2095 220.
898 2028 990 2093 Mihi
1012 2029 1115 2094 allter
1135 2027 1192 2091 vi-

111 2129 233 2194 detur:
265 2125 320 2192 his
352 2133 443 2195 enirn
475 2131 563 2220 leuis
595 2151 663 2196 nun
684 2136 759 2197 taor
786 2133 997 2197 enumeratio
1020 2137 1072 2196 est
1092 2150 1192 2216 quum

109 2230 317 2316 descriptio,
351 2231 476 2298 deinde
507 2235 543 2299 in
576 2227 635 2302 his‘
664 2235 783 2302 eadem
814 2234 962 2300 formula
988 2239 1058 2315 est,
1079 2253 1126 2302 sc.
1150 2233 1194 2296 ab

109 2333 210 2398 initio
231 2352 350 2422 uersus
370 2328 533 2403 Αἰτνοῖοί
552 2359 589 2404 τε
616 2333 766 2416 τένοντες
791 2339 883 2416 (nam
912 2333 969 2418 ot,
998 2335 1089 2423 quod
1117 2333 1208 2424 eorl.)

108 2435 142 2501 h.
160 2436 188 2507 l.
209 2434 339 2530 habet,⁸
352 2441 445 2502 stare
465 2455 531 2502 non
549 2443 695 2519 potest),
721 2432 850 2523 Ἰνδῷοί
879 2461 916 2504 τε
936 2435 1100 2517 τένοντες,
1134 2430 1196 2521 ἆο-

110 2533 215 2626 κτῷοί
234 2561 271 2605 τε
290 2535 457 2613 τένοντες,Ι
475 2537 729 2602 ‘eteoceeadem
751 2538 899 2602 formula
920 2540 1067 2603 recurrit
1088 2538 1196 2620 XIII,

95 2645 174 2708 »tao
207 2635 244 2707 tr
276 2637 314 2710 δὲ
345 2633 491 2726 καρήνου
521 2631 691 2721 Αῧχενίον
722 2659 759 2704 τε
779 2635 931 2715 τένοντος
952 2630 1206 2720 ὅπισθοκόμων

115 2739 174 2810 ἐπὶ
194 2736 306 2808 νώτων
326 2775 369 2792 -·-
390 2741 597 2826 relatoribus
618 2736 747 2831 ἔρῥεον.
792 2739 910 2819 Quare
931 2739 1087 2824 suspicor
1107 2738 1195 2806 hane

114 2848 153 2912 ut
172 2843 353 2911 turmulam
375 2845 572 2912 admitteret
592 2850 719 2910 certam
742 2845 777 2910 ei
797 2865 934 2912 cansam
952 2843 1077 2921 fruere,
1099 2844 1196 2927 igno·

114 2953 184 3012 tam
215 2946 319 3020 mibi,
351 2947 420 3014 nisi
452 2945 545 3035 quod
576 2948 753 3034 probabile
779 2947 937 3032 videtur,
963 2947 1053 3016 elius
1074 2952 1195 3032 poetae

118 3051 342 3118 imitationem
364 3069 450 3118 esse.

200 3256 312 3348 Porro
339 3278 376 3324 τε
405 3253 590 3342 aliquoties
617 3256 828 3341 adhibitum,
855 3256 915 3324 ubi
943 3254 1095 3324 eiusdem
1116 3274 1196 3320 rer-

115 3375 173 3424 sus
195 3357 284 3425 duae
310 3364 388 3424 sunt
417 3365 531 3445 partes
557 3363 755 3446 aequabiles
782 3361 908 3433 eisdem
930 3361 1195 3444 casibuspurti-

116 3461 244 3547 busque
275 3461 443 3528 orationis
475 3466 738 3534 recurrentibus.
783 3463 823 3530 In
849 3462 915 3530 hao
935 3462 1049 3528 forma
1076 3481 1196 3529 versus

38 3607 40 3614 -
119 3564 185 3626 duo
206 3561 294 3628 haec
315 3564 464 3628 membra
485 3568 661 3651 coniungit
682 3585 746 3652 per
766 3589 803 3634 τε
823 3567 859 3633 iu
880 3563 949 3630 fine
972 3567 1085 3649 quarti
1099 3566 1197 3648 pediu

119 3665 278 3748 positum.
332 3664 433 3746 Loci,
456 3686 541 3750 quos
563 3667 629 3734 hue
650 3669 781 3753 rutero,
802 3667 841 3733 bi
862 3672 957 3734 suat:
978 3667 1111 3748 XLIV,
1134 3670 1197 3731 317

118 3759 243 3832 εἴκελον
260 3759 435 3833 Ἀκταίωνι
457 3767 693 3856 φιλοσκοπέλῳ
714 3795 751 3838 τε
770 3764 916 3859 Κυρήνῃ
940 3769 1121 3846 XXXIII,
1145 3767 1201 3832 15.

123 3846 295 3954 Κιοδώνην
311 3862 340 3936 δ’
362 3863 477 3954 ἐνόησε
498 3869 716 3960 μινυνθαδίην
737 3895 773 3938 τε
784 3876 815 3936 Γ
813 3897 947 3960 tropum
985 3873 1196 3954 Quamquam
1282 3879 1286 3904 ¹

22 4041 23 4046 ,
118 3971 230 4039 haee
220 3993 255 4035 sn
277 3972 449 4057 prioribus
470 3972 570 4036 etiam
593 3973 736 4038 lecum
725 3978 877 4045 rnrebire
900 3960 1041 4062 possint.
1054 3973 1197 4053 XXIV,

119 4075 177 4144 102
199 4067 417 4162 Ruuuopr'rlwr
438 4071 476 4142 δὲ
498 4068 654 4164 φάλαγγα
674 4071 952 4168 κορομβοφὸρονς
977 4099 1015 4143 τε
1034 4077 1197 4160 γυναῖκας.
