2886 4728
18 655 24 706 l

1143 355 1192 434 17

616 564 649 648 b.
672 565 704 633 o.

212 671 285 738 Ηοο
314 671 425 736 autem
454 641 656 734 momentum
689 663 845 751 prolecto
872 665 908 729 in
935 665 1076 746 Apionis
1102 663 1194 728 sama

18 791 20 796 '
123 793 278 860 maguum
305 771 380 838 luia
420 770 597 836 Facundia
617 769 741 852 Apioui
763 769 892 832 diserte
913 769 1082 832 tribuitur.
1105 767 1193 832 Gell.

18 853 20 918 A
124 875 200 956 VI,
235 877 256 941 8
289 872 446 959 „Appion
482 872 634 936 Graecus
671 871 787 943 homo,
824 872 884 954 qui
914 870 1117 934 Plistonices
1144 875 1197 934 est

124 979 330 1062 appellatus,
381 974 618 1056 faciliorque
655 973 761 1036 alacri
798 971 958 1035 facundia
993 969 1093 1034 fuit.“
1152 971 1197 1036 Et
1259 967 1267 989 ⁴

127 1080 340 1164 agnoscimus
370 1079 481 1142 statim
515 1077 662 1140 colorem
691 1075 871 1137 oratorium
899 1074 933 1136 in
956 1062 1133 1138 historiola
1156 1073 1197 1138 de

124 1181 316 1262 Androclo,
345 1201 456 1264 quam·
473 1199 518 1242 ex
544 1178 637 1240 illius
666 1177 753 1238 libro
776 1178 890 1259 quinto
913 1178 1197 1259 Aegyptiacorum

127 1271 250 1349 retulit
271 1282 325 1346 vel
348 1281 520 1345 transtulit
542 1280 654 1363 potius
673 1277 803 1341 Gellius
814 1277 859 1351 V,
883 1281 933 1343 ll.
969 1279 1020 1342 En
1033 1286 1198 1344 extremar

127 1387 296 1466 „Postea,
321 1385 448 1468 iuquit,
469 1381 666 1447 videbamus
696 1377 896 1444 Androclum
919 1387 953 1442 et
972 1381 1102 1444 leonem
1124 1381 1200 1443 loro

126 1488 224 1554 tenui
253 1487 442 1553 revinctum
466 1484 548 1560 urbe
570 1487 643 1546 tota
664 1481 791 1546 circum
814 1482 972 1546 tabernas
994 1486 1059 1548 ire:
1082 1481 1201 1546 donari

127 1610 211 1678 pere
245 1585 468 1658 Androclum,
503 1583 644 1648 fioribus
676 1584 790 1667 spargi
817 1581 962 1647 leonemt
992 1605 1105 1648 omnes
1126 1585 1201 1648 fere

126 1693 256 1774 ubique
285 1689 404 1752 obvios
435 1685 565 1749 dicere:
588 1683 646 1748 hic
667 1693 718 1749 est
740 1685 792 1749 leo
812 1683 935 1768 hospes
956 1685 1117 1768 hominis,
1145 1684 1203 1750 hie

127 1791 306 1859 esthemo
328 1787 479 1850 medicus
506 1785 644 1850 leonis.“

218 1891 260 1958 In
289 1889 405 1953 eodem
434 1887 521 1951 libro
550 1890 666 1972 quinto
699 1887 983 1972 Aegyptiacorum
1012 1874 1206 1977 narraverat

126 1986 343 2059 historiolam
367 1987 409 2052 de
430 2009 545 2053 amore
566 1991 662 2073 pueri
688 1995 723 2052 et
746 1987 907 2074 delphini,
930 1993 987 2074 qui
1011 1993 1206 2053 visebantur

135 2094 298 2159 Puteolis.
359 2090 460 2156 Unde
490 2091 654 2176 quaedam
684 2085 815 2156 Graece
843 2095 992 2156 servavit
1015 2093 1101 2158 Gell.
1124 2091 1206 2174 Vll,

132 2195 165 2262 8.
215 2186 392 2273 Quomodo
429 2191 514 2256 haec
553 2195 588 2256 in
627 2193 838 2277 Aegyptiace
869 2194 997 2260 aditum
1028 2197 1207 2276 invenerit,

132 2295 250 2362 videre
272 2297 354 2360 acet
376 2317 421 2360 ex
443 2295 601 2373 norm,
621 2299 665 2378 rs
688 2296 745 2360 fin.
768 2296 845 2368 (cn.
869 2297 919 2372 11,
943 2301 963 2362 o
986 2303 1056 2374 ra).
1080 2281 1207 2362 samnis
1324 2283 1331 2363 ζ

134 2401 223 2463 euim
256 2395 448 2482 Delphinus
480 2387 720 2463 sub'secundo
753 2397 948 2462 Ptolemaeo
982 2401 1209 2473 Alexandriae

134 2501 361 2582 spectabatur.
421 2497 630 2580 Dolendum,
661 2519 727 2562 nou
757 2504 862 2562 totam
891 2499 1100 2567 historiolam
1131 2503 1210 2567 Gel-

136 2603 218 2668 lium
242 2622 394 2668 servasse
416 2621 482 2666 uon
505 2602 614 2666 minus
635 2598 710 2664 sine
732 2599 834 2664 dubio
855 2605 1006 2668 suaviter
1022 2610 1209 2688 enarratam

138 2705 231 2777 (nam
259 2704 312 2768 vel
334 2725 422 2768 nunc
444 2723 487 2767 ex
500 2703 610 2787 Gellio
633 2708 785 2786 apparet)
807 2725 903 2788 quam
927 2705 986 2770 illa
1008 2714 1058 2771 est
1079 2706 1119 2772 cle
1141 2708 1210 2772 An-

139 2804 270 2868 droclo.
310 2804 488 2870 Retulerat
508 2807 556 2870 ibi
577 2803 728 2890 delphini
750 2809 892 2872 amantis
911 2791 946 2872 et
967 2809 1064 2892 pueri
1088 2843 1123 2858 -
1148 2809 1213 2872 lu.

141 2927 233 2988 sus,
265 2909 547 2989 gestationes,
576 2910 888 2991 aurigationes,
923 2915 958 2972 ut
990 2908 1121 2974 Gellius
1153 2912 1210 2974 ait.

139 3005 230 3087 „nei
251 3001 349 3086 ἆυτὸς
370 3010 398 3075 d’
416 2999 474 3074 οὖν
494 2999 584 3074 εἶδον
603 3005 910 3096 πορίΔικαιορχίον
932 3008 1068 3097 δελφῖνα
1089 3007 1212 3097 ἐρῶντα

143 3103 282 3190 παιδός,
312 3107 366 3174 καὶ
393 3107 481 3196 πρὸς
502 3109 659 3197 παιδικὴν
679 3107 885 3198 ἒπτοημένον
903 3105 1024 3196 φωνήν.
1047 3105 1132 3198 drdp
1155 3104 1213 3180 οὖν

147 3208 204 3276 καὶ
229 3205 494 3298 προονηχόμενος
519 3204 536 3275 ὁ
558 3206 655 3292 ἰχθὺς
676 3204 844 3294 ἀνεδέχετο
865 3209 922 3276 adr
944 3212 1050 3281 παῖδα
1071 3210 1128 3280 ἐπὶ
1150 3219 1214 3281 τῶν

143 3307 262 3394 νώτων,
278 3310 335 3378 καὶ
354 3310 413 3392 τὰς
429 3307 579 3392 ἀκάνθας
588 3300 816 3402 περιστέλλων,
827 3309 993 3400 ἵναμὴπὸν
1004 3313 1215 3402 ποθούμενον
1293 3327 1298 3334 “

141 3407 417 3497 χρῶοα-ἆμῦξοιο,
439 3413 496 3480 καὶ
516 3409 664 3502 ἱππηδὸν
681 3410 927 3504 περιβεβηκότο
933 3415 1029 3503 μέχρι
1040 3416 1215 3486 διακοσίων

145 3510 410 3600 οἷνῆγοοταδίιον.
432 3513 580 3597 ἐξεχεῖτο·
594 3511 621 3583 d¹
637 3509 703 3606 {ipo
718 3511 744 3603 ἦ
762 3512 869 3606 Ῥώμη
891 3517 947 3584 καὶ
968 3523 1062 3586 πᾶσα
1083 3517 1104 3606 ἡ
1125 3515 1215 3588 'Iro-

145 3611 201 3681 ie'o
231 3611 430 3683 deducebar
471 3613 595 3700 ἰχθὺν
636 3615 863 3707 νηχόμενον
900 3615 981 3687 ὑπὸ
1011 3612 1216 3712 '‘Epiacum“
1282 3628 1295 3643 ““

144 3719 304 3804 Denique
327 3739 433 3802 pauca
454 3721 616 3804 quaedam
639 3725 741 3787 verba
762 3724 901 3806 Apionis
925 3727 1004 3798 (nou
1026 3724 1217 3808 significato

144 3819 226 3884 libri
248 3823 361 3900 titulo)
392 3822 493 3886 affert
517 3823 603 3887 Gall.
626 3823 689 3902 Vl,
713 3823 742 3899 8,
777 3847 819 3889 ne
844 3847 884 3891 ea
906 3827 1039 3911 quidem
1063 3830 1137 3892 sine
1159 3847 1217 3894 so-

148 3921 296 4004 phistico
326 3924 444 3988 colore
472 3925 529 4000 „ls
557 3925 696 4006 (Apion)
727 3946 826 4011 quum
856 3927 898 3990 de
920 3928 1106 3994 Alexandri
1129 3931 1219 4012 regis

149 4023 307 4090 laudibus
336 4026 518 4105 scriberet,
549 4025 665 4110 Victi,
693 4029 823 4114 iuquit,
842 4027 950 4095 hostis
970 4047 1109 4100 uxorem
1131 4028 1222 4097 facie
