2888 4734
195 375 274 453 22⁰
319 419 321 446 ι

269 597 275 606 ·
368 579 508 648 iluwun
529 577 595 650 der
614 581 711 665 gotes
732 579 851 648 willen
873 581 955 648 tuot.
1080 589 1086 602 “

367 683 436 750 Dis
458 683 567 751 wisen
585 685 745 752 'werdent
763 689 860 769 gotes
881 683 967 761 kint,

367 789 426 854 dle
447 787 578 854 andern
598 779 666 872 elle
687 784 785 854 idron
811 789 890 858 sint

194 891 235 960 ln
257 891 312 959 his
333 893 443 958 tribus
464 892 650 958 sententiis
665 891 757 958 nulls
780 898 833 958 est
852 911 972 958 sensus
993 890 1161 961 illinitus:
1192 898 1282 964 utta-

192 1017 270 1064 rnen
292 995 384 1062 slent
404 993 510 1060 focile
532 993 771 1078 intelligimus,
792 1003 831 1060 nt
853 993 1125 1080 inimuspoeine
1146 998 1190 1062 nd
1212 997 1283 1065 hoo

191 1100 405 1186 potissimum
424 1097 562 1163 initium
585 1097 675 1162 lutus
697 1087 816 1173 luerit,
841 1099 1048 1164 nnmuJove
1062 1101 1279 1188 principium,

191 1202 245 1268 sic
267 1201 353 1268 illo'd
375 1219 512 1287 quoque
531 1202 706 1278 sentimus,
728 1199 1277 1300 quemproelieisfueritouimns

191 1311 230 1370 ut
261 1305 437 1388 complure
468 1304 681 1387 potissimum
713 1303 876 1390 deinceps
908 1303 1055 1388 fingeret
1077 1306 1131 1370 rel
1159 1308 1279 1392 siquo

113 1412 127 1470 ξ
190 1405 284 1475 forte
317 1408 442 1473 trudito
464 1405 811 1472 curetur-memorie
835 1413 1035 1492 suggerente
1063 1415 1217 1492 poneret,
1240 1414 1275 1476 in

192 1511 414 1596 quibuscum
436 1499 615 1593 Sirpieutiu
636 1509 834 1575 coniunctus
856 1514 948 1576 esset
978 1510 1083 1576 Deus.

281 1612 400 1690 Quod·
417 1610 473 1676 sd·
491 1604 644 1678 Graecos
665 1612 796 1692 attinet,
828 1612 992 1700 quendum
1016 1615 1116 1680 etium
1139 1616 1222 1681 telin
1243 1622 1278 1682 et

102 1747 106 1758 ·
198 1701 277 1782 crte
309 1723 345 1780 et
367 1714 563 1782 consociato
583 1716 840 1800 concertatione
871 1722 907 1781 et
932 1715 1007 1782 lusu
1030 1737 1104 1784 esse
1127 1720 1278 1804 suspicio

175 1839 271 1888 -essn
293 1820 421 1904 posslte
443 1817 535 1902 qnod
557 1835 601 1880 sn
624 1813 682 1881 lrin
702 1813 777 1884 illic
798 1819 901 1885 etium
925 1818 960 1884 in
983 1819 1156 1886 Hesiodea
1177 1824 1277 1887 cudat

192 1919 380 1998 nundinor
402 1921 464 1988 sed
486 1921 523 1985 in
545 1918 779 2004 Theognidem
802 1922 927 1988 cudere
948 1923 1011 1988 rix
1033 1923 1162 1990 dubito.
1196 1927 1277 1992 Ete-

191 2026 263 2090 nim
285 2027 420 2090 constet
439 2023 586 2088 Gmecis
597 2019 690 2087 lusus
704 2019 792 2088 rnrii
803 2025 939 2106 generis
951 2023 1139 2092 similiores
1155 2027 1275 2111 tuisse,

195 2128 378 2213 quibos‘iu
396 2143 438 2192 eo
459 2125 588 2208 ingenii
612 2130 648 2188 et
668 2127 853 2192 memoriae
873 2127 929 2192 ris
947 2135 1214 2211 expromeretur,
1236 2138 1279 2196 ut

192 2230 355 2296 similiter
375 2226 536 2293 cudentes
560 2231 601 2289 otr
616 2233 782 2308 senentes
797 2247 916 2294 versus
938 2236 973 2294 et
994 2233 1177 2296 sententies
1199 2250 1275 2298 cer-

193 2333 289 2398 tatim
311 2329 551 2414 proferrentur
578 2327 747 2404 (ridemus
775 2325 843 2394 hoc
864 2331 932 2414 ipsi
953 2331 1065 2398 'ndhuc
1084 2333 1121 2397 in
1142 2333 1277 2416 scoliis)

193 2434 249 2498 vel
279 2432 349 2498 ulie
374 2433 476 2510 etism
497 2434 633 2497 ratione
654 2438 797 2497 externo
821 2441 990 2524 momento
1007 2435 1172 2522 deinceps
1193 2457 1276 2522 pro-

191 2535 382 2600 ferrentur:
412 2555 480 2620 que
506 2534 550 2600 de
573 2541 610 2600 ιο
631 2535 799 2601 videndus
820 2537 956 2603 omuino
979 2537 1166 2604 Clearchus
1186 2540 1276 2625 opud

192 2625 604 2716 Afflmmffiffl.'
726 2655 729 2684 ²

238 2755 240 2771 ¹
279 2741 357 2806 lion
377 2741 603 2825 cogitantibus
624 2759 668 2805 ue
689 2740 725 2804 id
737 2740 871 2826 quidem
885 2743 1074 2827 praestabit
1086 2743 1273 2829 quisquam,

192 2863 261 2936 nou
293 2845 378 2910 teliu
409 2861 647 2928 nonnunquam
677 2843 720 2908 de
748 2841 918 2909 industrie
944 2865 985 2910 eo
1011 2831 1155 2924 opusilio
1178 2848 1276 2912 iuxta

193 2947 307 3032 posite
328 2953 420 3028 eise,
449 2951 497 3039 nt„
515 2945 576 3032 qui
596 2946 631 3010 in
653 2945 799 3013 ludicris
821 2949 1049 3032 responsoriis
1072 2949 1122 3012 uti
1145 2949 1276 3012 vellem

191 3049 274 3116 hinc
305 3053 477 3135 peterent,
502 3033 572 3113 non
599 3049 686 3114 alios
708 3051 775 3115 sibi
797 3049 883 3135 ipsis
904 3049 971 3116 hoc
992 3049 1091 3114 modo
1112 3051 1147 3112 iu
1170 3047 1282 3114 chur-v

192 3153 275 3220 lulis
297 3153 429 3226 lusisse.
899 3229 905 3242 ,

278 3255 372 3332 Quid
397 3255 428 3322 si
455 3253 534 3320 telis
561 3253 661 3319 etiem
684 3255 779 3320 ¹ordo
806 3252 994 3320 scholarum
1022 3255 1194 3337 magistris
1215 3275 1274 3318 uc-

192 3335 422 3426 o'ommodetus
444 3357 539 3424 risus
551 3358 596 3423 ed
606 3357 846 3424 sublevandum
861 3375 1040 3438 puerorum
1053 3355 1278 3426 memoriam?

1250 661 1273 719 i

261 3649 286 3710 *l
303 3649 348 3706 Ad
375 3647 513 3730 eiusnodi
537 3648 648 3704 ludicre
662 3651 663 3656 ’
676 3663 773 3704 eorum
795 3649 850 3721 qui*
862 3656 954 3704 esseut
972 3655 999 3702 et
1018 3655 1127 3704 certare
1145 3662 1228 3716 peres
1244 3657 1276 3704 et

161 3797 166 3800 ,
193 3733 415 3803 respondere
433 3733 522 3803 peruri
541 3745 609 3804 puro
628 3733 797 3805 pertinuisse
816 3735 893 3789 illem
917 3731 1071 3802 ὑποβολήν,
1094 3737 1130 3790 de
1147 3751 1202 3802 quo
1220 3749 1273 3788 ou-

193 3837 248 3888 per
272 3821 446 3874 elioeclrlrio
466 3827 493 3872 et
511 3821 672 3876 Hermanno
690 3819 856 3890 dispulutnm
875 3827 930 3886 est,
949 3829 977 3874 et
993 3819 1116 3892 speciem
1135 3821 1271 3887 quendam

191 3905 252 3960 eius
270 3901 411 3973 ὑποβολὴν
427 3899 623 3960 ἀνταπόδοσιν.
663 3906 732 3962 Nam
756 3903 798 3958 sie
815 3914 883 3975 puto
902 3906 971 3960 haec
988 3905 1272 3971 coniungeudu‘esse,

190 3990 285 4061 specie
309 3989 407 4056 generi
425 3988 569 4053 ndinocle,
587 3999 616 4043 ui
640 3991 706 4057 βοῦς
722 3991 829 4062 ταῦρος,
848 3993 908 4063 ἴρηξ
924 3993 1023 4062 κίρκος,
1042 3993 1110 4048 παῖς
1125 3981 1205 4060 κόρη,
1223 3979 1275 4040 κύ·

191 4077 233 4136 ia}
251 4073 395 4153 ἀρύστιχοι
414 4075 522 4145 Phryo.
541 4077 605 4129 Aru.
623 4078 683 4132 424.
702 4091 726 4128 c.
