2888 4734
1120 317 1201 424 225
1247 447 1250 450 ,

189 542 321 640 ἔκλεψ’
346 535 560 632 ἀνθρώποισι
581 538 668 630 Aaou
686 538 781 630 παρὰ
789 494 1001 630 Ιμὴτιόιιιος

207 649 243 720 ἐν
269 644 371 736 κοίλῳ
392 641 555 808 νάρθηκι,
576 643 710 714 λαθών
718 639 790 740 Aia
820 643 1109 772 τερπιιιέριιιιιιι..

320 799 325 810 ι
897 803 949 820 ρ’,
991 812 1013 818 ...-
1039 810 1044 820 ⁵
1074 785 1101 821 ’Ὶῖ

124 944 203 1000 circo
226 940 302 997 enim
323 953 469 1020 ιιιιιιιιιιιι
490 937 624 994 meditans
647 936 805 994 hominibus
821 901 963 998 Feminam
984 913 1103 1010 creavit,
1127 941 1201 999 erla-
1280 999 1291 1026 ,

125 1049 247 1104 mitatem
274 1043 447 1098 hominibus*
476 1046 513 1105 (v.
540 1047 589 1102 89.·
612 1039 660 1104 ubi
683 1023 721 1097 ci
744 1056 816 1110 quae
833 1017 976 1108 dicemus).
1012 1043 1165 1103 Variaeh.
1181 1049 1240 1100 l.

113 1147 350 1226 ,narratiunculae
366 1124 488 1214 positae,
506 1160 563 1212 quo
581 1141 664 1198 modo
682 1143 794 1198 labores
812 1155 841 1198 et
857 1159 1005 1204 aerrtmuae
1021 1147 1057 1204 ad
1074 1148 1205 1206 homiues

1210 115 1216 150 ff
1316 118 1328 138 S

125 1251 265 1318 verrerint,
283 1247 429 1317 etquidem
440 1248 492 1301 ltae
505 1246 539 1310 ἰ)
548 1246 588 1310 1)
610 1244 741 1318 iuppiter
758 1246 928 1336 Prometheo
945 1257 1065 1318 propter-
1079 1249 1204 1306 mandem
1289 1255 1291 1262 ‘

129 1354 292 1409 Maroneam
318 1352 407 1406 iratus
429 1350 546 1406 victum
558 1345 718 1403 hominibus
733 1323 917 1406 abscondidit.
954 1330 999 1408 dd
1016 1349 1126 1427 κρύψε
1142 1352 1204 1422 ator

125 1456 162 1514 oi.
180 1459 276 1528 hymn.
296 1453 359 1510 Cer.
366 1459 441 1521 897,
462 1455 529 1517 888,
536 1427 587 1506 cl
604 1443 717 1505 ιιιύθειν
733 1467 767 1507 v.
778 1454 855 1514 tou
894 1453 923 1518 9)
940 1452 1071 1548 iuppiter
1088 1466 1205 1529 propter

126 1559 252 1634 fraudem
275 1545 435 1620 Maroneam
450 1553 627 1612 Prometheo
651 1551 739 1608 iratus
762 1553 885 1624 primum,
903 1555 996 1626 ignem
1017 1557 1205 1626 absaomlirlit,

124 1663 183 1718 hoa
200 1659 303 1716 deiude
319 1677 373 1729 per
392 1651 589 1728 Prometheum
616 1665 781 1726 recuperato
808 1656 949 1724 Feminam
961 1659 1095 1730 creavit,
1121 1678 1204 1730 quam

125 1762 308 1834 Epimetheus
334 1757 456 1843 a'ccepit,
482 1776 553 1828 quaa
578 1761 649 1815 lacta
666 1758 816 1826 calamitas
833 1760 1005 1829 hominibus,
1029 1763 1105 1830 quod
1122 1765 1205 1820 luxui
1279 1842 1284 1852 ι

126 1873 156 1921 et
172 1865 232 1921 otio
250 1864 344 1920 dedita
361 1873 405 1918 est
421 1866 463 1929 (ut
480 1862 586 1929 Theog.
604 1865 656 1920 599
673 1863 745 1930 sqq).
772 1859 853 1928 llaec,
865 1871 973 1933 autem,
990 1877 1071 1934 quam
1088 1869 1204 1926 alteram

127 1969 268 2038 diximus,
286 1966 493 2022 narratiuncula
515 1955 665 2036 dupliciter
691 1963 832 2034 explicata
849 1975 906 2034 eat,
925 1984 960 2022 eo
977 1967 1154 2041 discrimine,
1175 1981 1207 2029 ut

124 2185 155 2229 ut
172 2173 201 2230 in
219 2171 409 2250 Theogoniam
425 2163 499 2226 alter
515 2159 584 2227 'vero
601 2187 619 2227 a
635 2171 755 2239 singulis
776 2171 839 2226 Diis
857 2168 939 2228 donis
956 2173 997 2242 ad¹
1009 2177 1139 2246 corporis
1157 2195 1206 2232 or·

122 2285 218 2358 natum
236 2277 397 2348 instructam
414 2273 503 2330 luisse
519 2281 602 2342 atque
619 2272 686 2330 iude
700 2273 858 2331 Pandoram
876 2275 1043 2332 nominatam
1060 2278 1204 2346 proderet.
1244 2260 1249 2269 ,

126 2359 271 2440 Caeterum
288 2377 470 2432 mihioertum
486 2386 542 2440 est,
561 2380 591 2432 ut
606 2391 707 2432 momen
726 2376 872 2464 Pandorae
890 2393 926 2432 ne
943 2396 1016 2435 muno
1033 2380 1145 2448 quidem
1163 2392 1226 2442 ert.

126 2483 156 2538 in
183 2479 365 2548 Theogonia,
391 2479 456 2535 item
478 2476 508 2532 in
526 2491 573 2570 ea,
591 2492 673 2544 quam
691 2459 765 2530 nunc
781 2477 821 2530 ibi
839 2453 973 2548 legimns,
991 2483 1150 2540 narratione
1167 2488 1203 2542 ab

125 2589 209 2645 initio
228 2577 279 2642 nec
295 2584 330 2638 de
348 2582 400 2637 illo
418 2565 501 2650 quem
517 2591 544 2632 a
551 2575 606 2634 uis
620 2576 732 2650 aceepit
748 2586 847 2632 ornatu
865 2579 964 2634 tuisse:
984 2582 1089 2670 quippe
1107 2602 1204 2652 versus

125 2693 235 2758 Theog
260 2691 312 2745 ιιι
339 2688 385 2750 ιιι
412 2685 552 2743 575-584
576 2690 641 2754 post
650 2676 770 2738 demum
787 2659 970 2752 interpositoa
988 2661 1056 2740 fuiss
1044 2701 1132 2752 e,v.
1106 2691 1204 2748 ussa

125 2797 217 2850 docet
251 2793 281 2856 8)
295 2788 375 2844 Malo
392 2803 443 2854 per
460 2783 589 2841 feminam
606 2793 749 2841 venerumt.
784 2784 896 2840 Etenim
916 2784 1057 2878 luppiter,
1081 2789 1201 2872 homini·

124 2901 178 2953 bus
196 2897 269 2951 bene
285 2887 443 2962 cupiente,
433 2887 490 2962 apsi
506 2885 615 2943 homini
637 2889 711 2943 mala
733 2888 927 2946 conservanda
934 2867 1083 2946 dederat
1075 2908 1104 2946 ιιι
1122 2865 1201 2952 dolio

17 2099 22 2108 ·
127 2087 199 2128 uuus
218 2070 406 2128 tantummodo
423 2068 562 2126 Feminam
580 2067 694 2135 diceret,
712 2069 861 2156 Pandorae
877 2071 989 2125 nomine
1006 2072 1110 2140 omisso
1127 2075 1204 2140 (item
1268 2112 1273 2122 ,

122 3001 197 3070 [tere
220 3005 250 3052 ut
271 2993 376 3050 Aeolus
398 2977 497 3048 ventos
522 2989 630 3058 Ulixsst
648 2999 677 3047 at
693 2991 766 3046 rixa
774 2990 911 3060 quondam
930 3000 992 3048 orta
1010 3009 1071 3048 cum
1090 2989 1210 3064 lemine.

122 3103 248 3170 maligne
265 3100 334 3154 llaec
350 3096 423 3152 illud
443 3092 548 3154 dotium
566 3094 686 3164 aperuit.
717 3075 849 3151 Attamen
847 3088 998 3168 iuppiter
1016 3099 1116 3152 horum
1134 3116 1202 3167 pro·

124 3204 210 3260 vidus
220 3209 341 3274 praeter
358 3200 433 3254 mala
449 3196 533 3254 etiam
551 3195 636 3272 Spem
653 3197 816 3269 incluserat,
834 3206 862 3254 et
879 3199 939 3254 eius
957 3217 1024 3256 cura
1041 3201 1141 3258 iactum
1158 3209 1204 3276 est
1316 3221 1319 3226 ·

126 3315 158 3362 ut
173 3300 285 3374 {femina
309 3310 456 3380 antequam
482 3300 555 3382 §pes
580 3297 706 3380 evolaret
727 3303 870 3362 clauderet
893 3301 1010 3376 dolipna.
1045 3303 1096 3362 stc
1112 3304 1201 3374 igitur

119 3407 256 3482 malowm
273 3407 328 3466 iam
346 3422 402 3478 non
419 3405 694 3474 habet-potestaten:
705 3403 789 3477 Spem
799 3405 854 3461 sibi
863 3407 955 3476 habet.
975 3439 1001 3451 -
1025 3411 1053 3470 ι)
1071 3407 1203 3476 Degene-

120 3527 200 3594 rasse
208 3509 340 3584 pauladm
348 3506 485 3576 homines,
496 3508 551 3582 iam
560 3509 677 3563 Homeri
686 3493 1217 3587 temporinoscrepitum-”tiowmppo-⁴
1318 3541 1319 3548 ι

118 3617 233 3673 totum.
250 3611 503 3682 Sicexeogitatum,
521 3619 551 3664 ut
560 3626 611 3676 per
620 3610 700 3690 varia
708 3609 848 3668 hominum
857 3628 960 3682 genera
969 3613 1198 3686 paulatim'magie

117 3717 267 3786 magisque
275 3717 305 3772 in
314 3715 395 3790 peius
403 3715 511 3785 lapsum
520 3713 557 3770 sit
566 3714 707 3772 hominum
716 3731 812 3782 genus,
831 3713 888 3770 Sed
896 3716 965 3772 haec
974 3733 1085 3792 quoque
1095 3719 1131 3774 ab
1139 3719 1198 3772 alio

118 3818 358 3891 aliterqxplicota.
368 3815 989 3938 Sicluitquicumhanchistoriolamtraotaret
1009 3822 1196 3891 tamtummodo
1259 3815 1265 3829 '
1298 3847 1302 3854 ·

117 3923 292 3938 —un-

187 3978 215 4038 *l
231 3975 309 4030 llaec
326 3990 386 4029 mea
403 3975 504 4030 dudum
522 3975 627 4045 scripta
643 3981 717 4032 nunt.
757 3971 802 4033 ct
818 3973 854 4030 de
871 3973 1035 4046 quibusdam
1051 3971 1196 4030 llollterue

119 4060 150 4116 iu
169 4061 267 4115 Zimm.
287 4061 368 4116 Diar
386 4061 453 4117 ulai.
474 4066 555 4122 1886

928 4109 1045 4214 ιι
