2886 4728
1120 397 1170 476 33

113 616 194 681 niun
219 591 277 677 bic
296 609 335 673 ut
354 604 451 672 allbie
473 593 569 669 addit
578 593 682 684 entare
701 591 763 665 odoi
782 596 852 669 ton
872 595 918 677 dd,
930 589 1172 680 ,diffindun-
1221 675 1223 692 Ι

116 711 173 794 οἷς
191 711 258 780 ἔστι
279 710 340 776 τοῦ
359 699 483 790 νήπιοι.
526 703 581 772 Cf.
602 697 794 786 decateron,
824 695 983 788 peoddpp,
1006 697 1170 792 αῐσυητῆρ,

117 809 224 892 utute.
359 862 364 874 ·
927 839 930 846 ¹

202 915 261 980 Sio
282 913 318 976 in
338 909 406 974 hoc
427 925 559 993 quoqne
579 925 702 989 genere
724 921 892 998 perpauca
913 913 1021 989 erunt,
1043 908 1079 971 ln
1100 910 1173 992 qui-

119 1021 180 1084 bus
212 1015 327 1082 verius
355 1031 453 1096 quarn
480 1009 539 1073 alii
567 996 748 1086 iudicauit,
770 1011 808 1070 nt
827 1007 962 1089 μῆνιςα
1002 1005 1171 1091 μαίνομαι,

119 1141 193 1186 curn
210 1112 426 1183 Aristarchus
447 1133 467 1175 a
487 1105 575 1193 μένω
596 1129 669 1173 esse
689 1105 863 1173 voluissett
884 1102 1040 1186 ἀάπτους,
1054 1113 1094 1175 ab
1106 1106 1173 1175 ἅπ-

116 1241 232 1304 τομαι,
263 1216 351 1302 quod
373 1211 590 1279 Aristarchus
611 1202 795 1293 ἅπτοήτους
823 1231 895 1275 esse
920 1211 1088 1294 voluerat,
1116 1215 1174 1278 alii

119 1343 163 1405 ex
194 1319 330 1405 optimis
361 1317 443 1380 item
474 1315 510 1376 in
542 1331 582 1376 eo
615 1312 699 1375 mire
721 1317 964 1394 sogesserunt,
988 1331 1053 1396 qua
1075 1315 1116 1380 de
1138 1334 1175 1380 re

119 1415 195 1488 dixi
217 1425 252 1486 in
276 1415 474 1484 Aristarcho
497 1436 528 1498 p.
553 1413 625 1479 tta.

204 1519 345 1606 Apionis
370 1517 552 1582 Homerica
578 1512 706 1578 duobus
732 1513 889 1597 operibus
915 1518 1174 1596 continebantur,

118 1614 366 1691 c'ommentariis
388 1626 420 1684 et
441 1606 572 1702 glossis.
616 1615 892 1699 Commentarios,
915 1641 996 1703 quos
1017 1619 1177 1686 Ruhnke-

117 1729 197 1792 nius
217 1723 324 1808 praef.
339 1720 427 1784 lies.
448 1718 528 1802 p.V
550 1718 676 1781 centies
696 1737 717 1780 a
738 1720 904 1782 veteribus
924 1718 1053 1785 laudari
1076 1723 1175 1802 dixit,

120 1829 199 1895 sine
230 1824 331 1912 dnbio
358 1820 400 1884 de
421 1815 590 1882 Eustathii
609 1818 739 1900 Apioue
760 1824 795 1881 et
816 1818 992 1885 Herodoro
1014 1826 1175 1904 cogitans,

119 1927 279 2012 (repetiit
303 1921 369 2010 lroo
394 1916 548 1986 Rankius
569 1919 611 1983 (le
631 1919 713 1984 Her.
742 1939 775 2002 p.
799 1921 883 2001 134),
906 1920 979 2002 ipro
999 1921 1114 1986 addito
1136 1925 1178 1986 ti-

123 2030 377 2108 tulonusqnam
396 2019 585 2085 laudantur.
629 2018 695 2085 Sed
716 2019 821 2086 foisse
842 2027 876 2087 et
894 2019 973 2086 hino
989 2030 1095 2088 sumtu
1107 2043 1189 2094 esse·

124 2130 237 2218 omnia
267 2127 345 2205 illa,
374 2122 518 2210 quaein
545 2122 668 2208 glossis
693 2122 803 2187 locum
829 2141 896 2187 non
916 2121 1091 2202 habebant,
1113 2139 1180 2191 uon

123 2235 233 2316 potest
252 2225 410 2293 dubitari.

207 2330 292 2394 Eius
319 2325 464 2412 γλῶσσαι
479 2316 655 2410 ,Ὃμηρικαὶ
675 2322 758 2389 κατὰ
779 2325 937 2406 στοιχεῖον
956 2325 1108 2412 (Hesych
1129 2349 1180 2412 ep.

127 2433 171 2498 ad
199 2429 316 2511 Eulog.
337 2429 400 2506 iu.)
421 2443 570 2509 magnam
592 2431 720 2509 partem
743 2427 948 2491 transierunt*
965 2428 1000 2490 in
1014 2429 1180 2509 Apollonii

127 2534 264 2598 lexicon
285 2527 518 2622 Hompriourut
540 2525 633 2601 bino,
660 2533 697 2592 ut
717 2527 899 2591 verisimile
920 2534 989 2607 est,
1011 2531 1183 2610 complura

128 2633 333 2700 transierunt
354 2630 399 2692 in
431 2628 755 2711 Etymologioumll.
807 2627 979 2693 Permulta
1009 2629 1118 2694 inesse
1146 2631 1182 2694 in

128 2729 304 2816 Hesychio
331 2735 365 2793 et
386 2729 528 2814 epistola
549 2739 582 2794 et
602 2748 783 2794 consensus
804 2749 879 2794 cum
897 2730 1020 2813 glossis
1040 2732 1182 2815 Apionis
1239 2793 1252 2813 -„

129 2833 220 2920 apud
241 2832 450 2915 Apollonium
471 2832 615 2898 servetis
636 2829 932 2899 ostendittnomen
941 2834 1083 2918 Apionis
1093 2851 1182 2896 nune

129 2999 354 3020 Μ

195 3119 221 3183 ⁴)
239 3135 265 3174 r.
285 3093 365 3186 doec,
383 3113 492 3184 strande,
514 3113 634 3191 κορώνη,
655 3117 766 3176 onolton
788 3115 877 3170 ‘llaec
893 3114 939 3170 ubi
955 3116 1126 3188 inspexeris,
1147 3119 1183 3174 nd

131 3204 191 3274 ipsa
207 3205 292 3258 verba
309 3203 461 3272 Apollonio
479 3202 685 3274 respondentia,
707 3201 757 3256 vix
775 3199 914 3256 dubitabis
930 3217 952 3255 s.
970 3199 1045 3268 dude,
1062 3197 1183 3260 nelo'ro.
1275 3221 1276 3226 ¹

130 3283 241 3360 ὄρχατος
257 3283 365 3358 (ὀρχός),
381 3290 534 3355 πείρινθος,
551 3282 657 3353 ὀπωπή,
674 3281 769 3358 κινυρὴ
784 3282 831 3350 (cl.
848 3286 935 3355 schol.
953 3287 1081 3352 Apollon.
1092 3289 1184 3345 Rhod.

131 3375 155 3428 1.
176 3375 236 3435 wll
258 3371 377 3442 Apionis
399 3388 495 3425 nomen
519 3374 553 3426 ab
575 3371 729 3440 Apollonio
749 3378 986 3424 comme-oratum
1004 3369 1088 3426 luisse
1105 3387 1133 3426 et
1149 3375 1185 3428 ab

132 3454 182 3511 illo
199 3474 232 3510 ea
248 3456 373 3510 fluxisse.
408 3455 476 3508 Sunt
494 3455 625 3525 pleraque
642 3465 699 3511 toto
716 3453 1011 3520 coloreApollonianis
1028 3457 1138 3525 similia,
1156 3457 1185 3512 in

132 3542 291 3608 quibusdam
317 3541 398 3594 etiarn
425 3557 495 3593 nunc
520 3542 664 3594 verborum
688 3540 811 3606 ipsorum
837 3555 984 3594 consensus
1004 3557 1059 3594 oon
1077 3541 1186 3598 dubius.

132 3625 274 3681 Cl.Grom.
292 3624 317 3688 1,
335 3629 394 3691 ²92,
410 3630 428 3682 3
445 3643 505 3680 oum
514 3625 665 3694 Apollonio
683 3620 1039 3706 (»t:tntovt1vpotoyop,“
1057 3627 1188 3680 utdicere

131 3711 203 3763 solet
229 3709 412 3775 Apollonius).
456 3709 531 3764 Idem
557 3708 699 3762 dicendum
724 3709 759 3761 de
783 3707 917 3780 ἐρέχθων,
935 3709 1010 3776 quod
1027 3726 1099 3765 nuno
1114 3711 1187 3777 apud

132 3792 312 3861 Apollonium
330 3794 444 3859 excidit,
461 3793 509 3846 sed
528 3792 651 3860 prolecto
669 3793 889 3859 praetermissum
905 3809 961 3848 non
980 3794 1039 3848 luit.
1057 3797 1189 3848 -Kolet-

133 3879 201 3946 φίζω
218 3877 265 3937 (cl.
284 3877 345 3930 cod.
364 3879 463 3940 Havn.)
480 3891 506 3931 et
522 3873 666 3950 Κρόταφος
683 3893 721 3930 ex
729 3876 837 3930 Sorano
854 3885 929 3934 sunt:
948 3879 1063 3944 quaein
1074 3881 1188 3951 Etyno-

131 3961 254 4028 logicum
271 3954 443 4025 videbuntur
460 3961 568 4016 venisse
584 3977 620 4014 ex
636 3960 749 4015 Orione.
759 3961 793 4016 P.
809 3965 870 4029 329,
889 3959 1189 4034 ttfflsparmqnes,

132 4052 164 4104 tt
175 4040 299 4120 ’Ἀθριβις
314 4064 351 4104 ex
369 4051 426 4103 Oro
443 4053 481 4114 (v.
498 4045 613 4104 Ritscbl.
630 4061 659 4116 p.
675 4047 730 4111 tlt).
752 4076 784 4092 -
