2866 4730
182 416 185 426 Ι
260 297 315 382 ro

259 513 391 587 dorent,
423 511 660 596 anastrophem
691 514 975 598 praepositionum
1000 519 1074 582 'non
1095 518 1321 586 necessariam

259 633 333 680 esse
358 634 421 680 nec
449 619 480 679 in
501 635 616 680 earum
639 621 758 680 natura
780 617 934 699 positam.
978 618 1099 706 Neque
1120 623 1209 686 enim
1232 628 1320 686 cete·

257 735 314 779 ras
346 721 457 800 partes
486 719 646 784 orationis
667 717 746 784 sede
768 724 895 786 mutata
914 727 1043 796 mutare
1076 725 1176 791 &am
1198 743 1319 788 accen-.-

258 826 345 883 tum:
382 841 487 904 neque
519 819 588 885 dici
621 841 736 904 posse,
769 824 1035 905 praepositiones
1066 805 1178 908 potina
1208 824 1321 890 locum
1352 843 1353 847 ’

257 941 351 984 snum
383 931 526 986 mutasse
558 943 654 1006 quam
687 926 820 988 nomino
847 925 901 988 vel
922 927 1026 990 verba
1043 927 1087 990 ab
1109 927 1152 992 iis
1173 926 1320 1008 pendero

256 1023 318 1104 tia,
341 1023 485 1108 deniqne
506 1045 548 1088 ne
569 1045 683 1090 omnes
704 1025 839 1108 quidem
860 1029 1125 1110 praepositiones
1146 1034 1320 1092 accentum

256 1117 439 1192 retrahere.
483 1126 616 1202 'Quibus
645 1127 842 1212 Apollonius
863 1112 1057 1219 respondet,
1089 1132 1230 1213 primum
1252 1129 1320 1194 hoc

255 1231 350 1310 quasi
381 1229 553 1313 proprium
575 1249 649 1293 esse
671 1230 970 1313 praepositionum,
1000 1237 1037 1296 ut
1058 1237 1316 1316 praeponantur,

255 1329 343 1394 unde
371 1333 469 1396 etiam
491 1351 610 1396 nomen
632 1331 808 1398 duxerint:
829 1332 883 1396 sin
905 1338 1014 1396 antem
1037 1335 1106 1397 sint
1127 1335 1194 1399 alia
1214 1339 1317 1418 quac·

254 1431 345 1513 dam,
373 1453 457 1518 quae
483 1433 619 1516 etipsa
646 1437 772 1497 certam
799 1434 965 1498 orationis
992 1434 1106 1498 sedem
1128 1435 1316 1518 requirant,

252 1544 297 1600 nt.
317 1528 391 1623 ἤτοι
417 1536 582 1622 particula
609 1554 676 1600 non
698 1535 764 1600 nisi
785 1533 885 1596 inl-tio
908 1535 1017 1617 posita
1037 1537 1084 1612 (v.
1106 1536 1148 1600 de
1169 1535 1315 1623 conip.

250 1637 329 1717 ooo,
361 1640 417 1715 31>
450 1643 485 1702 et
515 1637 655 1702 articuli
672 1659 676 1668 ·
692 1637 859 1718 nunqnam
868 1637 1063 1818 postpositi
1084 1635 1316 1716 substantivis,

251 1736 336 1804 baec
357 1759 397 1802 eo
418 1740 492 1821 ipsc
515 1760 535 1802 e
556 1737 857 1821 praepositionibus
902 1735 1033 1814 ifferre,
1057 1736 1231 1819 quodcum
1243 1756 1308 1800 om·

147 1860 150 1864 ·
250 1841 329 1904 nino
352 1858 515 1923 nunquam
537 1839 614 1902 loco
635 1839 766 1912 cedant,
788 1837 890 1906 etiam
912 1836 1002 1900 omni
1024 1836 1233 1920 ambiguitati
1255 1857 1315 1902 ex·
1426 1863 1427 1868 ¹

251 1947 362 2022 empta
394 1942 474 2005 sint.
527 1939 684 2006 Tertium
718 1959 798 2004 vero
833 1937 918 2002 illud
950 1937 1217 2022 praepositiones
1238 1959 1312 2004 cum

250 2042 328 2106 aliis
359 2039 524 2105 orationis
555 2042 706 2124 partibus
738 2059 911 2104 commune
940 2037 1082 2119 habere,
1115 2059 1148 2104 v.
1177 2060 1207 2106 e.
1236 2061 1314 2106 cum

249 2142 517 2224 pronominibus,
540 2161 680 2227 qnorum
703 2140 854 2225 plurimu¹
868 2141 1018 2224 quidem,
1040 2139 1100 2206 sed
1122 2143 1313 2206 nonomnia

249 2243 416 2326 duplicem
445 2263 538 2311 usum
568 2242 737 2324 accipere,
765 2247 800 2306 et
829 2241 1022 2336 encliticam
1039 2249 1078 2316 ¹ot
1098 2243 1239 2312 alterum
1263 2245 1311 2327 (p.

245 2344 334 2417 999).
384 2343 462 2408 Huc
488 2342 620 2409 accedit
644 2344 710 2419 <sie
738 2343 825 2407 enim
855 2343 912 2408 ille
942 2344 1082 2428 pergit),
1112 2341 1202 2428 qnod
1224 2345 1313 2410 aliae
1426 2437 1427 2440 Ἴ

247 2447 409 2510 orationis
439 2443 567 2529 partes,
597 2465 792 2529 quocunqne
811 2445 886 2509 loco
908 2440 1037 2530 positae
1058 2453 1155 2526 sunt,
1184 2460 1310 2510 certam

247 2545 368 2611 liabent
401 2549 579 2614 rationemz
612 2569 676 2614 noo
710 2547 798 2612 enim
832 2552 940 2631 potest
968 2546 1165 2612 adverbium
1187 2547 1309 2622 referri

246 2649 313 2713 nisi
335 2647 376 2711 ad
402 2651 552 2729 verbnm,
575 2669 640 2714 non
663 2651 766 2714 verba
780 2649 851 2714 nisi
872 2649 916 2712 ad
938 2671 975 2713 ea
997 2635 1311 2732 quibusadhiaerent

244 2751 397 2829 nomina,
426 2754 608 2818 oscetera.
652 2747 929 2835 Praepositiones'
952 2757 1059 2818 antem
1083 2751 1182 2816 etad
1205 2753 1308 2816 verba

244 2851 368 2916 reterri
396 2856 595 2934 persumet
620 2851 661 2916 ad
690 2854 827 2917 nomina
853 2851 913 2928 (ci.
942 2853 984 2916 de
1011 2851 1087 2916 adv.
1112 2872 1143 2934 p.
1165 2855 1238 2932 531,
1262 2855 1307 2930 l),

242 2960 281 3017 nt
307 2954 343 3018 in
371 2952 431 3020 illo
455 2946 589 3040 Ἰθάκην
609 2947 693 3019 udan
715 2949 936 3040 κοιρανέουσιτ
959 2973 1093 3018 necesse
1115 2959 1165 3016 est
1187 2954 1304 3035 igitur,
1357 3005 1359 3016 ,

156 3039 160 3049 ’
243 3060 279 3119 ut
300 3075 381 3124 vera
403 3056 607 3141 constructio
630 3057 744 3141 aliquo
769 3065 908 3119 externo
930 3057 1025 3138 signo
1048 3053 1237 3118 declaretur
1258 3056 1304 3128 (v.

241 3155 347 3221 schol.
379 3158 423 3221 ad
454 3159 556 3223 Dion.
588 3177 639 3241 gr.
673 3177 704 3240 p.
737 3157 823 3236 ort).
878 3155 1032 3238 Denique
1060 3154 1190 3219 formae
1212 3157 1305 3240 ipsae

239 3259 524 3342 praepositionum
549 3259 648 3344 ¹(pransi
669 3257 711 3322 ad
733 3256 963 3337 anastrophen
984 3261 1081 3318 natae
1103 3263 1189 3321 sunt.
1235 3259 1305 3324 Ha-

147 3341 149 3348 ,
242 3357 320 3421 bent
347 3357 434 3423 enim
460 3377 575 3426 omnes
597 3366 769 3424 accentum
791 3359 826 3422 in
849 3358 967 3424 ultima
989 3363 1210 3444 constaretque
1233 3362 1304 3443 plu·

243 3458 348 3523 rimae
381 3459 506 3530 duabus
538 3463 695 3528 brevibus
729 3459 884 3544 syllabis,
912 3481 983 3543 ¹quc
1009 3481 1131 3544 genere
1153 3460 1241 3549 nihil
1260 3461 1303 3526 ad
1423 3475 1427 3518 l

239 3565 398 3624 accentus
420 3564 653 3629 retractionem
676 3562 759 3648 fingi
781 3569 893 3650 potest
913 3562 1206 3630 accommodatius.
1241 3565 1321 3646 ,Ciu

237 3659 343 3732 schol.
367 3661 467 3732 Dion.
489 3687 540 3748 gr.
563 3667 594 3751 p.
623 3667 695 3734 929.
