2886 4728
582 1855 612 1940 §-
642 1859 674 1924 ¹·

93 2033 299 2138 Himeriae
330 2061 467 2128 criticae
484 2059 634 2128 Homeri
661 2062 824 2129 Wolfinm
858 2067 989 2132 constat
1015 2082 1077 2130 sex
1103 2081 1165 2148 po-

104 2170 206 2232 suisse
237 2171 380 2228 aetates.
405 2163 596 2245 „Tertiam
623 2165 744 2250 inquit,
773 2165 924 2248 ponimus
945 2188 965 2232 a
990 2167 1166 2231 Zenodoto

101 2269 145 2334 ad
178 2268 366 2351 Apionem,
399 2272 536 2350 propter
563 2270 669 2330 artem
699 2267 946 2349 interpretandi
972 2274 1110 2352 poetae,
1132 2271 1169 2334 ut

103 2371 233 2436 Seneca
260 2367 397 2446 scribit,
426 2374 497 2432 tota
518 2367 664 2432 Graecia
685 2368 951 2432 circumlatum.“
991 2370 1065 2453 Ego
1086 2387 1169 2434 vero

105 2493 184 2538 cum
223 2490 267 2534 ex
308 2475 458 2533 veterum
502 2469 795 2551 grammaticorum
828 2471 973 2535 lectione
1010 2489 1076 2534 non
1120 2469 1171 2536 ite

106 2573 358 2650 discessissem,
404 2577 443 2634 ut
484 2575 531 2636 ea'
565 2569 663 2636 laude
702 2569 786 2633 milri
824 2570 944 2655 dignus
982 2572 1170 2652 videretur,

105 2683 264 2760 quantum
286 2674 346 2735 ille
366 2672 513 2736 Homero
536 2672 744 2756 praestiterit
765 2673 806 2736 de
826 2672 989 2738 industrie
1000 2673 1171 2758 inquirere

107 2775 255 2839 institui.
299 2774 336 2836 Si
359 2773 493 2857 quidem
517 2793 648 2852 eorum,
677 2789 763 2858 quae
784 2776 926 2859 Apionis
947 2787 981 2838 et
1000 2773 1172 2841 Herodori

108 2878 245 2939 nomine
278 2875 416 2957 protulit
447 2873 665 2955 Eustathius,
698 2877 752 2939 vel
781 2876 953 2940 dimidiam
983 2879 1015 2944 ei
1043 2881 1173 2958 partem

101 2974 387 3051 'attribueremum
415 2959 553 3059 aequam
578 2995 651 3038 cum
675 2973 777 3038 Socio
800 2979 1014 3058 partitionem
1037 2974 1173 3056 facturi,

62 3137 63 3140 ,
110 3085 261 3143 attamen
296 3077 337 3141 de
358 3077 515 3140 doctrina
547 3075 636 3152 eius,
664 3075 707 3140 de
735 3075 911 3158 diligentia
937 3082 970 3141 et
991 3077 1175 3144 subtilitate

111 3199 225 3243 rerum
247 3180 551 3260 grammaticarum,
575 3179 616 3244 de
637 3179 708 3243 acri
730 3177 885 3242 veritatis
906 3179 1017 3242 studio
1040 3178 1177 3244 honori.

68 3347 69 3374 ,
114 3280 369 3362 ficentissimum
397 3279 496 3344 fieret
522 3279 694 3345 iudicium.
738 3279 805 3344 Sed
828 3280 881 3343 his
903 3282 1034 3364 quidem
1057 3281 1174 3348 sunda·

115 3381 239 3445 mentis
269 3380 385 3446 laudes
413 3382 486 3444 eius
507 3390 739 3464 superstruere
760 3382 826 3446 iam
849 3402 914 3446 non
937 3382 1032 3446 licetr
1055 3385 1178 3447 etenim

116 3483 342 3547 subtraximus
363 3502 403 3546 ea
423 3485 458 3545 in
473 3481 671 3547 Aristarcho
692 3489 807 3548 nostro
829 3485 874 3567 (p.
896 3486 957 3550 387
979 3486 1080 3568 sqq„)
1103 3505 1179 3550 cum

73 3547 77 3652 l
117 3584 251 3648 illarum
279 3586 640 3688 praestantissimarum
662 3585 947 3668 observationum,
977 3589 1060 3674 quas
1082 3585 1178 3652 salsis

119 3686 307 3754 nominibus
323 3679 532 3750 Eustathius
563 3686 752 3769 inscripsit,
780 3687 879 3764 longe
902 3690 1079 3752 maximam
1099 3708 1179 3786 par-

121 3795 188 3850 tem
217 3787 341 3857 iisdem
362 3788 554 3850 auctoribus
582 3786 698 3850 deberi
725 3789 995 3869 ostendebamus,
1038 3805 1179 3878 quorem

123 3890 230 3971 copiis
269 3887 477 3952 Venetorum
510 3886 722 3954 scholiorum
750 3892 954 3973 praestantia
980 3896 1179 3965 continetur,

125 3989 326 4069 Aristonico,
350 3987 510 4074 Didymo,
523 3985 701 4072 Nicanori,
718 3999 758 4059 et
778 3990 876 4080 louge
898 3992 1056 4080 plurimas
1069 3995 1181 4068 tlem-

940 4101 958 4162 1
