2886 4728
25 506 32 615 Ι
102 543 183 619 tali,
215 540 257 608 do
282 557 359 630 qua·
378 542 489 605 tamon
518 535 607 622 Apio
627 539 703 623 ipae
727 539 958 625 dubitaverat,
979 542 1090 610 addite
1113 551 1169 626 „et

24 618 30 671 ¹
102 645 191 710 milri
211 644 342 729 quidem
364 661 504 726 prorsus
526 647 617 724 patet
639 662 801 714 ramesse
823 646 1023 725 ementitam,
1045 648 1075 710 si
1093 652 1166 731 qui-

102 749 181 814 dem
208 747 333 812 etlam
359 743 436 808 illi·
458 743 618 807 videtur*
643 744 702 818 (Η.
731 744 794 810 An.
818 743 866 825 X,
889 747 961 823 29):
984 756 1021 814 ut
1041 751 1166 832 intelli·

101 869 173 932 gas,
195 845 277 932 quid
299 846 342 911 de
363 845 568 911 eo'iudicetz
592 846 691 910 etiam
714 846 776 926 illi,
799 847 922 931 inquit,
944 851 1002 932 qui
1025 871 1089 912 non
1109 872 1164 916 so·

102 953 147 1016 let
180 950 264 1015 talia
295 945 465 1030 defugere.
519 946 632 1024 Quare
664 948 731 1008 alio
761 947 836 1010 looo
866 948 1014 1014 referens
1043 970 1086 1015 ex
1112 939 1163 1033 eo,

103 1071 221 1116 cervos
248 1047 546 1133 esse-quibusdam
575 1048 660 1111 locis
683 1053 853 1130 quaternis
875 1053 1009 1115 renibus
1032 1054 1165 1135 praedi.

22 1189 24 1260 ἱ
102 1162 167 1234 tos,
200 1151 334 1217 adiicitr
361 1144 420 1228 ,ei
444 1145 489 1234 μὴ
522 1143 761 1234 τερατεύεται.“
804 1151 896 1218 Hist.
924 1153 987 1219 An.
1015 1154 1088 1260 XI,
1110 1159 1162 1222 tlt.

22 1269 24 1340 l
101 1254 277 1319 Simillime
307 1251 457 1321 Plinius.
482 1244 671 1334 duoprimas
701 1243 849 1334 ἄκουσμα
877 1273 921 1318 ex
948 1255 1008 1320 illo
1037 1266 1164 1342 petens,

22 1341 24 1432 ξ
101 1357 155 1420 leis
184 1355 298 1419 verbis
328 1373 407 1417 ursus
429 1357 493 1436 este
515 1358 585 1430 „ut,
608 1355 867 1418 incredibile
889 1355 1023 1438 dictu,
1050 1358 1161 1440 Apion

22 1459 24 1478 '
102 1455 340 1539 grammaticus
381 1457 543 1538 scriptum
583 1455 780 1538 reliquerit“
816 1453 981 1540 XXXV,
1019 1461 1070 1537 36,
1108 1462 1185 1524 lto

100 1558 220 1628 Restat
248 1557 356 1620 Plinii
382 1556 425 1619 da
451 1556 637 1620 mendaciis
665 1558 737 1621 eius
764 1559 948 1640 indignatio
975 1558 1105 1640 XXX,
1127 1562 1160 1640 2,

101 1663 131 1738 (i,
160 1680 228 1744 quo
250 1659 293 1722 ad
320 1658 505 1722 Homerum
526 1651 888 1734 ducimur2'„Quaerat
908 1661 1046 1745 aliquis,
1076 1682 1161 1744 quae

103 1762 170 1824 rint
192 1758 338 1829 ,mentiti
369 1749 501 1823 veteres
530 1760 634 1840 megi,
662 1779 737 1822 euru
769 1760 1037 1824 adolescentibus
1062 1763 1160 1826 nobis

101 1863 195 1926 risus
218 1859 353 1943 Appion
373 1859 610 1942 grammaticae
631 1862 712 1924 artis
734 1859 923 1942 prodiderit
938 1860 1161 1944 Cynocepha-
1250 1841 1257 1860 Χ

22 2003 24 2012 1
98 1964 177 2027 liam
200 1960 357 2042 herbam,
387 1962 527 2046 quaein
548 1961 703 2046 Aegypto
726 1966 902 2028 vocaretur
924 1960 1081 2054 Osiritis,
1109 1961 1161 2024 di.

80 2067 210 2136 „niuem
239 2069 276 2129 et
303 2069 423 2128 contra
447 2062 557 2128 omnia
577 2062 765 2128 veneficiae
781 2061 840 2126 sed
862 2064 892 2126 si
913 2083 957 2128 ea
975 2069 1158 2144 erneretur,

101 2167 212 2230 statim
233 2185 307 2231 eum
330 2164 388 2249 qui
409 2163 550 2230 eruisset
566 2165 664 2228 mori.
707 2163 839 2247 Seque
861 2183 1062 2230 evocasse
1084 2186 1160 2229 um-

100 2268 194 2330 bras
220 2264 273 2330 ad⁴
298 2263 629 2349 percontandum
655 2265 889 2346 Homerum,
918 2287 997 2350 qua
1018 2270 1159 2349 putria

99 2369 334 2452 quibusque
361 2367 612 2451 parantibus
638 2367 814 2449 genitus
836 2371 1073 2449 esset,.non
1096 2375 1159 2432 ta-

99 2490 189 2536 men
222 2488 346 2534 ausus
376 2467 599 2552 profiteri,
633 2467 738 2552 qnid
767 2470 854 2534 sibi
882 2468 1158 2554 respondisse

97 2571 301 2636 diceret.“
321 2567 380 2644 (cf.
402 2569 477 2633 Jas.
499 2570 562 2652 Apa·
586 2570 636 2650 ll,
658 2570 705 2646 2).

180 2671 250 2736 Sed
277 2674 468 2756 priusquam
497 2669 541 2736 do
568 2669 632 2734 hac
659 2691 696 2734 re
724 2673 828 2737 verbo
855 2691 1063 2748 moneamus,
1087 2665 1159 2749 alia
1198 2703 1199 2706 ¹

97 2773 263 2858 quaedam
291 2770 717 2855 Homerioaproseramus,
747 2794 833 2857 quae
859 2781 1034 2840 nentosum
1053 2772 1159 2839 lromi·

97 2853 358 2960 nem-produnt.
412 2873 491 2938 nuh.
524 2894 559 2956 pa
587 2877 641 2940 116,
658 2873 698 2936 ,f
725 2875 835 2954 (Euat.
859 2877 949 2944 1397.
973 2877 1074 2955 1426,
1104 2879 1157 2950 1⁰)

97 2970 243 3052 ηἈπίων
269 2973 305 3041 δὲ
331 2967 596 3060 ὁἈλεξατδρτὺς
617 2973 669 3042 καὶ
691 2969 862 3059 ἀκηκοέναι
883 2973 965 3062 oqui
986 2971 1077 3057 παρὰ
1098 2976 1158 3038 τοῦ

93 3070 283 3161 Ἰθακησίου
321 3069 496 3166 Κτήσωνος
532 3073 590 3158 τὴν
615 3080 679 3140 τῶν
709 3071 899 3162 μνηστήρων
928 3069 1080 3162 πεττείαν
1101 3069 1157 3138 oi'u

95 3169 155 3262 ἦν“
197 3184 231 3241 et
257 3178 425 3242 describit
446 3177 570 3243 dehinc
598 3180 707 3263 qualis
736 3177 862 3241 suerit„
895 3175 1002 3254 Quis„
1023 3195 1155 3258 quaeso,

96 3281 161 3343 iste
188 3279 311 3360 Cteso,
340 3279 383 3344 ad
409 3300 507 3362 quern
528 3279 634 3344 refert
665 3287 855 3357 auctorem,
883 3279 980 3362 quasi
1002 3278 1060 3342 ille
1077 3270 1184 3344 arcer·-¹

95 3380 138 3444 lis
158 3382 228 3444 anis
250 3399 373 3468 procos
394 3381 545 3445 ludentes
566 3382 726 3446 vidisset„
760 3380 901 3446 Scilicet
922 3381 974 3446 sio
996 3381 1156 3464 ‚simundus

96 3481 296 3565 decipitur“.
340 3482 468 3546 Habuit
488 3480 554 3547 hoe
575 3484 676 3565 Apio,
698 3487 736 3548 ut
756 3501 793 3544 se
813 3483 923 3565 ipsum.
941 3483 1072 3548 audisse
1095 3483 1156 3544 ali-

94 3584 174 3666 quid
196 3584 256 3648 vel
277 3583 401 3650 vidisse
422 3585 562 3648 diceret.
614 3585 688 3648 lbin
716 3586 936 3650 immortalem
958 3584 1156 3665 Hermopoli

93 3684 290 3749 sacerdotes
322 3686 389 3768 ipsi
421 3685 651 3765 ostenderant,
674 3684 756 3764 let,
776 3684 808 3749 h.
836 3705 888 3750 an.
915 3683 968 3764 X,
994 3686 1045 3748 29.
1088 3685 1157 3747 An-

94 3785 245 3851 droclum
268 3775 348 3850 curus
372 3787 469 3850 leona
507 3787 613 3872 ipsum
641 3805 716 3866 sese
741 3786 776 3848 in
800 3787 878 3851 urbe
898 3783 1008 3849 Roma
1033 3785 1156 3848 vidisse

91 3871 291 3950 oculissuis
311 3885 548 3954 'confirmaritr
587 3889 692 3964 „Eius
714 3888 772 3962 rei,
794 3884 914 3969 inquit,
932 3884 1059 3950 Romae
1081 3905 1155 3948 cum

62 3989 182 4055 rsorte
211 4007 318 4054 essem
345 3993 515 4072 spectator
541 3987 624 4054 lui.“
652 3989 737 4056 Gall.
762 3985 882 4081 vste.
929 3985 984 4054 De
1004 3988 1100 4069 pueri
1122 3991 1156 4050 et
