2866 4730
382 404 440 507 n·
724 353 876 470 ¹1
1034 346 1219 457 „aa

142 569 268 650 incolt,
289 564 456 652 quatenos
477 557 618 629 raritati
641 557 861 645 respondent,
884 560 1047 644 qnatenus
1068 559 1220 624 dissonet

143 681 181 740 et
213 668 377 754 exemplis
411 672 445 732 et
469 665 664 739 ¹rationibus
694 663 830 726 illorum
859 661 1039 744 diligenter
1066 663 1222 728 collectis

145 774 294 840 efficere}
347 769 416 836 Sed
443 767 488 832 ad
508 767 574 832 hoc
594 766 669 832 fusa
690 771 727 829 et
746 764 858 848 ampla
878 765 1115 836 dissertatione
1136 783 1221 848 opus

143 887 209 944 est.
258 873 324 940 Est
350 874 408 938 ubi
436 859 573 954 egregie
602 874 638 932 et
659 887 702 930 ex
721 866 841 932 intimo
864 865 993 934 Graece
1014 868 1224 951 loquentium¹

143 998 246 1044 sensu
265 977 309 1040 de
330 974 395 1040 hac
417 994 454 1038 re
476 974 758 1048 commentantur,
779 973 816 1032 ut
836 967 1154 1052 ApolloninsDysc.
1178 966 1222 1032 de

145 1080 223 1148 adv.
249 1079 331 1160 517,
354 1078 416 1158 25,
439 1080 507 1154 est,
527 1081 590 1138 nen
611 1089 691 1136 raro
709 1075 785 1153 est,
807 1069 865 1134 ubi
886 1077 1004 1135 contra
1027 1056 1175 1136 hidetnr.

132 1253 135 1284 i
171 1205 174 1233 ¹
233 1215 335 1293 Quod
362 1211 405 1278 ad
427 1211 600 1276 accentum
621 1204 908 1290 praepositionum
930 1208 1072 1288 attinet,
1093 1205 1224 1272 refere-

146 1321 203 1384 bat
225 1337 262 1384 se
284 1318 359 1380 sine
381 1307 723 1377 dubiollerodianus¹
746 1308 790 1373 ad
811 1311 996 1392 composita
1017 1309 1079 1373 illa
1099 1302 1221 1394 inope,

146 1390 380 1504 duricordiam
403 1403 525 1508 ἐπὶῇρα
547 1413 611 1490 (sic
633 1411 781 1476 scribere
802 1412 961 1477 debebam
973 1411 1076 1488 Arist.
1099 1433 1131 1495 p.
1144 1412 1223 1484 118)

146 1527 181 1590 et
212 1519 355 1601 similia,
387 1538 472 1602 quae
504 1533 580 1580 cum
602 1510 709 1577 nihilo
736 1511 810 1578 fere
839 1514 955 1579 addita
975 1516 1224 1598 praepositione

96 1657 102 1673 ι
149 1605 309 1688 dicentur
342 1616 591 1703 significantius
623 1635 690 1680 non
721 1621 851 1682 mutant
882 1621 1056 1682 accentum
1085 1615 1223 1692 exlege

150 1724 425 1806 compositorum.
470 1717 571 1805 Quod
594 1718 731 1782 minime
752 1716 794 1782 de
814 1715 921 1782 nihilo
943 1738 1017 1786 esse
1039 1736 1082 1782 ox
1103 1718 1249 1800 adim,

148 1828 360 1907 ctivorurn
397 1820 659 1902 compositorum
699 1838 767 1884 non
807 1823 950 1898 accentu
981 1825 1127 1900 tantum,
1159 1821 1223 1888 sod

148 1929 252 2002 etiarn
274 1925 422 2006 motione
450 1920 675 2004 cognoscitur.
936 1911 938 1918 ’

601 2107 726 2193 ·§·3·
788 2059 899 2096 ⁸⁴

140 2333 142 2340 ,
231 2261 511 2354 Praepositiones
532 2261 715 2329 verboram
737 2263 904 2346 potestate
925 2261 1029 2349 positi
1050 2265 1224 2329 accentum

146 2367 333 2439 retrahunt.
376 2366 506 2432 Herod.
529 2365 586 2430 Jo.
608 2364 663 2430 ΑΙ.
684 2385 718 2449 p.
740 2367 793 2432 ⁸28.
816 2366 857 2431 ll.
879 2365 932 2446 A,
955 2369 1029 2436 174.
1075 2370 1124 2449 Φ,
1147 2371 1222 2449 llll,

149 2472 209 2539 nbi
233 2491 277 2538 ex
297 2469 470 2558 rariorum
491 2474 670 2534 anctorum
692 2466 834 2534 scholiis
855 2468 903 2533 de'
919 2469 1138 2551 Aristarcho,
1159 2469 1223 2536 Nl-

149 2578 205 2640 cia
232 2582 267 2636 er
292 2571 463 2638 Nicanore
488 2589 548 2634 res
568 2572 691 2634 testata
711 2568 782 2634 fiet.
834 2569 946 2653 Apoll.
968 2561 1034 2634 lex.
1058 2591 1084 2636 s.
1108 2568 1168 2636 ἔπι
1188 2578 1225 2638 ot

148 2667 256 2760 πάρα.
296 2675 510 2759 Epimerism.
525 2665 645 2738 'Crem
666 2669 693 2736 i
717 2671 896 2756 aliquoties
916 2673 978 2737 snb
999 2674 1224 2757 praepositio.

150 2777 265 2855 nibus,
295 2796 326 2840 v.
356 2776 502 2843 maxime
523 2795 556 2857 p.
578 2775 653 2840 362.
696 2775 794 2840 Enst.
816 2795 849 2858 p.
871 2775 914 2842 75
935 2776 982 2838 in.
1004 2774 1100 2840 Max.
1121 2775 1220 2839 Plan.
1294 2778 1296 2784 ’
1381 2869 1384 2876 ἢ

149 2860 290 2942 Bachm.¹
316 2898 349 2960 p.
372 2879 424 2944 3⁷.
452 2865 453 2870 ἵ
478 2876 653 2942 Caeterum
677 2895 719 2942 ex
740 2877 875 2941 illorum
898 2877 1052 2942 doctrina
1072 2876 1123 2941 sic
1144 2865 1223 2959 p'ro·

147 2980 239 3046 latae
267 2979 533 3062 praepositiones
559 2970 712 3042 λείπουσι
732 2970 870 3063 ῥήμασι,
900 2978 944 3043 cf.
967 2977 1122 3060 Apollon.
1143 2977 1220 3059 adr,

147 3083 229 3163 546,
252 3083 304 3149 33.
333 3083 421 3149 coni.
444 3083 517 3166 500.
539 3086 633 3166 synt.
654 3083 687 3148 6.
718 3077 761 3158 [v.
784 3099 825 3167 φ,
848 3081 889 3147 93
911 3077 1063 3181 Theogn.
1085 3079 1165 3162 66.].

236 3215 310 3292 sea
334 3217 438 3284 etiarn
465 3215 523 3282 nbi
551 3230 617 3280 non
640 3216 800 3282 omissum
821 3221 874 3281 est
894 3207 965 3282 ἐστὶ
984 3190 1042 3280 vel
1060 3207 1138 3302 eloi,
1161 3215 1222 3281 sed

150 3318 320 3402 seqnitur,
351 3326 390 3384 nt
417 3310 513 3405 πάρα
532 3313 596 3404 γὰρ
617 3312 698 3384 θεοί
719 3312 782 3384 εἶσι
803 3313 860 3382 καὶ
879 3303 973 3402 ἡμῖν’,
995 3313 1084 3382 hunc
1104 3339 1223 3394 accen·

146 3423 237 3501 tuin,
261 3419 358 3504 quern
379 3420 417 3483 in
439 3419 684 3503 compositione
708 3419 848 3500 habent,
874 3425 1019 3485 servant.
1058 3419 1146 3486 Nam
1167 3441 1221 3486 re·

138 3520 259 3606 liqnae
280 3521 550 3606 praepositiones
569 3523 618 3586 ita
639 3522 790 3606 prolatae
811 3539 872 3605 per
891 3522 1013 3586 tmesin
1039 3522 1221 3588 indeindc

146 3629 306 3706 sequatur
326 3625 483 3706 verbum,
504 3643 600 3690 sunm
626 3643 771 3706 gravem·
790 3629 941 3707 servant,
969 3645 1066 3710 qnem
1093 3621 1218 3691 habent
1246 3701 1250 3706 ¹

145 3724 181 3786 in
204 3705 458 3809 compositione,
479 3729 517 3790 nt
538 3723 622 3792 κατὰ
642 3716 763 3812 ταῦρόν
785 3720 919 3811 ἐδηδώς,
940 3726 1020 3792 κατὰ
1037 3727 1119 3810 βοῦς
1135 3720 1228 3791 Ὑπ-’

145 3818 274 3910 antonne
300 3816 438 3912 ἤσθιονε
470 3825 532 3892 sed
559 3847 645 3912 qaae
680 3842 764 3897 cnm=
793 3829 904 3895 verbo.
937 3823 1013 3922 eina¹
1035 3829 1220 3913 composita

146 3933 280 3990 acutum
310 3928 349 3992 in
369 3929 478 4012 prima
498 3927 640 4008 habent,
657 3933 807 4006 'serrant
827 3929 917 3996 huno
937 3930 995 3994 ubi
1015 3947 1078 4013 per
1097 3931 1218 3994 tmesin

148 4044 168 4090 a
190 4030 294 4096 verbo
316 4030 525 4112 substantivo
547 4031 715 4100 disiuncta
737 4035 998 4118 praeponantur.
1036 4027 1219 4104 Haecfuse
1241 4017 1242 4025 '
