2886 4728
108 238 116 253 Ι
226 295 283 383 10

227 509 305 581 Hae
325 512 440 580 laudas
461 533 589 581 tuorum
611 515 641 580 ai
663 514 797 598 quidem
819 533 840 580 u
860 516 933 582 solo
948 514 1096 580 Aristide
1118 512 1286 578 referren-

228 627 284 678 ’.οι
311 615 475 681 incertum
499 624 587 684 esset
610 628 768 702 quatenus
790 618 955 683 valerent:
978 619 1059 682 talia
1079 617 1168 680 enim
1190 615 1288 678 tacil-

153 707 154 710 '
228 715 308 782 lime
330 716 412 802 fingi
434 727 466 784 et
477 701 635 784 exornari
650 726 787 803 possunt
798 728 830 782 et
840 720 991 784 deflecti:
1015 719 1290 782 sedtostisacce-

227 817 280 882 dit
300 819 579 903 locupletissimus
601 824 786 890 Antoninus
808 823 1001 905 imperator.
1044 822 1083 900 ls
1100 823 1187 885 enim
1210 819 1293 881 libri

209 922 328 1004 ‚primi
352 923 557 1006 paragrapho
580 925 708 991 decime
725 927 1045 999 commentariorum,
1068 922 1147 1008 qnid
1170 942 1191 985 a
1212 941 1295 1004 quo-

228 1044 292 1106 que
313 1033 565 1108 praeceptorum
588 1025 773 1107 profecerit
794 1028 859 1090 sibi
873 1046 1078 1111 percenseas,
1092 1022 1182 1108 παρὰ
1196 1019 1290 1086 Ἀλε-

227 1118 379 1210 ξάνδροο,
403 1129 519 1211 inquit,
542 1129 601 1192 τοῦ
622 1130 848 1210 γραμματικοῦ
869 1127 906 1192 rd
930 1121 1168 1207 ἅνεπίπλιμιτσν
1188 1121 1292 1189 καὶτὸ

226 1225 272 1308 μὴ
290 1221 509 1306 ὀνειδιστικῶς
530 1221 817 1312 ἐπιλαμβάνεσθαι
837 1231 901 1294 τῶν
920 1222 1089 1315 βάρβαρον
1109 1222 1131 1292 i*
1142 1221 1295 1292 σόλσικόν

227 1321 304 1412 arip*
331 1324 455 1416 ἀπηχὲς
476 1329 777 1416 προενεγκαμένιον,
801 1324 872 1395 ἀλλ’
893 1326 1067 1407 ἐπιδεξίως
1089 1323 1169 1394 αὐτὸ
1190 1321 1293 1411 μόνον

227 1425 341 1508 ἐκεῖνο,
371 1421 480 1496 illito
506 1427 677 1517 εἰρῆσθαι,
708 1431 940 1518 προφέρεσθαι
961 1429 994 1496 ἐν
1015 1426 1130 1517 τρόπῳ
1154 1424 1292 1512 ἀποκρί-

228 1553 313 1609 σεως
344 1525 366 1616 ἢ
392 1528 738 1619 σιοέπιμαρτυρὴσειος
764 1528 786 1618 ἢ
811 1526 1061 1624 σιινδιαλὴψειος
1085 1528 1164 1616 περὶ
1190 1524 1296 1594 αὐτοῦ

228 1635 290 1698 τοῦ
316 1629 518 1721 πράγματος,
548 1627 619 1716 οὐχὶ
645 1632 801 1722 περὶτοῦ
824 1629 977 1724 ῥήματος,
1000 1627 1022 1716 ἢ
1043 1635 1085 1700 δι’
1107 1630 1222 1715 ἑτέρας
1242 1657 1293 1698 τι·

180 1772 182 1784 ι
228 1731 284 1810 νὸς
304 1730 458 1822 τοιαύτης
478 1735 640 1820 ἐμμελοῦς
662 1731 955 1822 παροπομνὴσεως.
988 1739 1065 1802 Ηοσ
1085 1737 1220 1820 quidem
1242 1741 1296 1798 est

229 1835 360 1900 luudari
383 1861 403 1902 a
425 1839 560 1905 laudato
580 1841 708 1916 viro*).

312 1939 585 2004 Eruditissimuur
608 1940 716 2004 virum
738 1938 855 2019 fuisse,
878 1938 1170 2021 πολυμαθέστατον
1191 1965 1296 2026 γραμ-

151 2097 159 2114 χ
228 2034 383 2120 ματικόν,
416 2051 452 2106 nt
483 2040 769 2139 Stephanusxait,
801 2061 868 2104 nou
901 2042 1099 2108 dubitamus.
1143 2044 1291 2128 Scripta,

230 2142 399 2208 Aristides
421 2143 516 2224 dicit,
539 2143 691 2227 quamvis
711 2142 846 2228 egregia
867 2143 943 2221 sint,
965 2149 1077 2210 tamen
1100 2146 1197 2229 longe
1218 2147 1292 2210 lon-

234 2309 457 2332 Μ

305 2432 329 2492 ·)
348 2429 402 2485 ΙΙΙε
411 2448 471 2486 nuos
480 2431 615 2486 sermonis
625 2431 690 2493 vitia
701 2431 919 2502 reprehendendi
929 2449 1008 2500 quarn
1018 2433 1196 2504 pervolgatas
1207 2434 1293 2488 luerit

231 2511 300 2579 loci,
323 2515 423 2582 quibus
446 2520 528 2571 modo
551 2518 592 2572 usi
615 2509 721 2584 siranus,
745 2518 877 2572 Aristidis
899 2527 927 2571 et
944 2517 1076 2572 Antonini
1094 2520 1161 2572 satis
1178 2520 1293 2572 demon-

232 2599 328 2652 st‘rant.
363 2599 491 2655 Videmus
509 2603 575 2670 quid
592 2604 645 2657 sibi
666 2603 787 2658 voluerit
803 2603 939 2667 Galenus,
957 2621 1017 2656 cum
1036 2603 1136 2657 librum
1154 2605 1294 2658 scribebat

232 2683 301 2752 πρὸς
320 2681 383 2744 sotir
404 2685 584 2755 ἐπιτιμῶντας
604 2693 659 2747 τοῖς
676 2691 851 2750 σολοικίζσυσι
862 2689 893 2760 τῇ
910 2690 989 2761 φωνῇ
1006 2688 1053 2752 (de
1070 2688 1152 2742 tibris
1169 2689 1295 2758 propriis

232 2769 308 2824 xlx
332 2787 359 2836 p.
382 2777 417 2828 48
439 2771 495 2831 K).
533 2772 575 2826 Gi.
598 2771 701 2826 Lucian
725 2772 850 2839 pseudul.
869 2791 894 2840 p·
913 2777 971 2831 560.
990 2777 1049 2832 56¹1·
1065 2778 1125 2833 579·
1159 2773 1295 2828 Pnitostr.

235 2853 283 2908 vit.
306 2856 386 2926 soph.
409 2874 435 2923 p.
459 2861 510 2914 578
532 2857 734 2913 altercationem
758 2867 850 2912 narrat
871 2858 942 2913 iuter
961 2859 1126 2928 ¹Philagruru
1144 2861 1297 2929 sophistem

233 2949 261 2994 et
278 2941 399 3004 Herodis
417 2941 550 3009 quendam
569 2941 741 3014 discipulum.
768 2943 814 2998 Illi
832 2945 992 2999 uocabulum
1009 2947 1114 3000 excidit
1131 2945 1219 2998 minus
1231 2962 1297 3010 prn-

232 3023 336 3085 batum
364 3039 418 3082 turn
446 3027 504 3080 hic:
529 3022 605 3098 παρὰ
630 3031 683 3082 τίνι
703 3029 758 3082 τῶν
779 3030 931 3098 ἐλλογίμων
951 3032 1029 3082 τοῦτο
1052 3034 1165 3100 εἴρηται
1183 3029 1287 3083 Sueton

232 3116 275 3170 ill.
301 3132 336 3181 gr
369 3119 404 3170 22
424 3114 548 3168 »Marcus
572 3113 741 3182 Pomponius
764 3113 929 3180 Marcellus,
952 3115 1087 3166 sermonis
1104 3113 1195 3188 Latini
1213 3133 1298 3168 exa.

233 3211 311 3258 ctor
333 3200 619 3262 molestissimus,
641 3200 669 3252 in
691 3197 871 3252 advocatione
890 3198 1005 3266 quadam
1024 3201 1096 3260 (nam
1114 3197 1249 3252 interdurn
1269 3208 1297 3253 et

233 3299 344 3339 caussas
356 3284 471 3350 ‘agebatl
489 3283 681 3338 soloecismum
703 3284 738 3336 ab
760 3282 921 3338 adversario
944 3283 1042 3336 lactum
1067 3299 1152 3349 usque
1169 3285 1238 3336 adeo
1249 3301 1294 3338 ar-

233 3385 321 3437 guare
342 3367 545 3435 perseveravit,
567 3368 657 3436 quoad
681 3365 794 3421 Cassius
816 3365 935 3420 Severus
952 3368 1134 3435 interpellatis
1157 3369 1296 3432 iudicibus

225 3442 390 3510 ¹dilationem
409 3451 500 3519 petiit:
521 3463 549 3506 ut
567 3453 690 3522 litigator
703 3467 768 3506 suus
785 3450 886 3504 alium
903 3452 1160 3518 grammaticum
1178 3455 1294 3508 adhibe-

233 3551 293 3604 rem
314 3538 423 3606 quando
441 3553 495 3590 non
514 3548 591 3603 putat
608 3525 633 3591 i's
649 3554 710 3589 curu
727 3535 887 3590 adversario
905 3537 941 3590 de
958 3535 1019 3590 iure
1036 3537 1106 3604 sibi,
1130 3539 1179 3594 sed
1196 3540 1231 3592 de
1248 3557 1294 3594 so-

233 3625 366 3681 loecismo
384 3624 598 3678 controversiam
616 3611 741 3676 luturam'.
776 3622 830 3688 llic
847 3621 920 3675 idern
938 3639 998 3675 cum
1015 3624 1199 3689 oneratione
1208 3625 1295 3677 Tibe-

233 3713 303 3766 rium
338 3708 575 3775 reprehendisset,
608 3706 763 3763 affirmante
792 3706 876 3766 Ateio
911 3707 1046 3774 Capitone
1074 3719 1102 3763 et
1132 3726 1194 3762 esse
1225 3710 1293 3764 illud

232 3798 360 3852 Latinum
378 3805 406 3849 et
422 3794 447 3848 si
465 3811 518 3847 oon
538 3801 610 3845 esset
626 3793 757 3846 loturum:
778 3791 858 3844 Certe
875 3790 928 3844 iarn
946 3791 1010 3846 inde
1028 3792 1170 3858 mentitur,
1195 3794 1295 3860 inquit,

231 3881 342 3954 Capito.
368 3883 411 3935 Tu
424 3879 511 3946 eninr,
528 3879 640 3946 Caesar,
665 3876 804 3934 civitatem
820 3876 886 3932 dare
905 3889 986 3949 potes
1003 3877 1176 3946 homiuibus,
1205 3880 1296 3936 verbis

198 4007 207 4016 a
233 3983 290 4024 unu
308 3975 411 4040 potes«
