2886 4728
212 381 280 458 nn

221 585 325 665 ξινῆι
379 575 491 661 Olane
521 580 577 650 καί
607 577 627 648 δ
655 579 900 674 Ἀσκαλωνίτης·
933 583 996 656 είσί
1021 589 1059 658 δι’
1090 591 1125 660 oi
1154 593 1273 664 διεῖλον
1348 600 1351 614 ’

224 685 262 754 ἐῢ
283 679 383 774 κληῒδ
410 678 562 772 ἀραρυῖα,
584 675 635 763 οἷς
655 683 927 772 συγκατατίθεααί
947 690 1002 757 καί
1025 687 1181 782 Τρύφων,
1214 689 1274 760 σδκ

220 781 275 856 εὖτ
298 781 430 871 δι’μεινσν
448 783 518 876 χείρ
538 784 735 866 temortatis
755 782 884 856 ἀκούειν
904 789 960 858 καί
979 790 1027 879 με)
1048 789 1164 872 πάθος
1184 792 1273 862 ἐκδί-

218 895 339 973 χεσδαι
369 888 591 975 πληθυντικῆς
623 888 763 972 δοτικῆς,
796 889 880 977 λέγω
910 891 947 960 δὲ
971 892 1016 960 τὸ
1037 898 1105 979 τῆς
1126 892 1275 962 ἐκθλί-

217 1006 344 1077 weng·
372 981 392 1055 ὃ
421 987 459 1056 δέ
483 1011 568 1076 φημι
588 983 739 1056 τοιοῦτόν
759 988 863 1071 ἐστιν,
891 987 937 1072 ὥς
957 990 1009 1062 δτι
1029 991 1275 1081 ἐκθλίβεται
1377 1057 1378 1062 ,

218 1090 290 1176 μὲν
329 1089 409 1158 τδι
449 1091 518 1175 τῆς
553 1090 723 1177 δοτικῆς
760 1092 872 1182 παρὰ
909 1097 963 1184 τῷ
998 1101 1167 1187 ποιητῇ,
1204 1097 1274 1166 καί

220 1191 360 1280 ἑνικῆς
392 1184 650 1278 ὑπαρχούσης
684 1190 753 1260 καί
789 1195 1089 1286 πληθυντικῆς,
1127 1193 1273 1287 κερκίδ’

217 1292 385 1384 ὕφαινε,
405 1286 490 1382 χίρδ
515 1290 634 1380 ἐρέται,
656 1291 712 1362 καί
731 1290 837 1382 νὴεσδ
859 1291 988 1386 ἡγήσατ’
1006 1294 1155 1383 Ἀχαιῶν,
1178 1293 1219 1369 οίί
1238 1325 1275 1387 χε

215 1397 282 1484 μὴν
306 1393 343 1462 τὸ
373 1390 442 1462 dno
470 1397 534 1469 τῶν
560 1389 608 1474 εἷς
639 1418 669 1474 ις
688 1394 901 1482 ἐκτεταμένον
919 1400 1084 1490 θηλυκῶν.
1125 1405 1217 1488 Ergo
1239 1410 1274 1470 et

215 1503 289 1584 ipse
310 1501 346 1563 iu
366 1499 422 1563 his
441 1519 507 1562 non
528 1499 622 1562 novit
643 1499 709 1563 nisi
731 1498 929 1585 ecthlipsin,
952 1509 987 1566 et
1008 1524 1082 1567 cum
1104 1507 1289 1589 antiquio·

216 1603 323 1681 ribus,
353 1620 438 1682 quor
466 1599 521 1664 vel
545 1601 662 1684 probat
677 1587 736 1665 ‘vel
760 1603 936 1684 reprobat,
965 1624 1031 1668 uon
1051 1605 1122 1687 agit
1141 1607 1208 1669 nisi
1230 1606 1274 1670 de
1315 1593 1321 1600 ’

217 1703 386 1784 ecthlipsi.
418 1701 514 1764 Haec
535 1702 645 1763 omnia
665 1701 715 1765 ita
736 1701 818 1765 mihi
839 1694 995 1768 videntur
1015 1713 1110 1769 certa
1130 1725 1213 1785 esse,
1234 1712 1274 1771 ut

217 1806 247 1867 si
269 1803 349 1888 qnid
371 1801 460 1866 forta
482 1802 606 1866 alicubi
628 1801 721 1865 dubii
741 1803 921 1887 ingeratur,
943 1803 1008 1870 hoc
1030 1806 1163 1870 exiliis
1184 1807 1275 1872 diiu-

217 1905 396 1970 dicandum
427 1905 472 1968 sit
501 1924 567 1967 non
599 1910 725 1968 contra.
778 1903 830 1967 Ad
863 1906 913 1980 11,
942 1906 1004 1974 854
1026 1899 1110 1972 ἀλλά
1138 1931 1191 1972 τοι
1210 1891 1285 1996 ἤδη

217 1999 292 2090 itm
321 2004 522 2092 παρέστηκεν
547 1997 695 2081 θάνατος
720 2001 777 2069 καί
801 2006 902 2092 μοῖρα
923 2000 1077 2091 κραταιή,
1104 2005 1193 2096 χερσί
1214 2009 1274 2075 δα·
1324 2089 1329 2100 Ι

216 2099 302 2190 μέντ’
329 2099 479 2187 Ἀχιλῆσς
505 2097 672 2188 ἀμύμονος
697 2099 866 2170 Αἰακίδαο
896 2105 1061 2192 Didymus
1083 2109 1148 2174 hoc
1168 2112 1275 2175 tradi·

217 2210 285 2275 uit:
307 2202 343 2273 ἐκ
364 2201 507 2293 πλήρους
527 2203 565 2270 τὸ
587 2203 730 2289 δαμέντα
748 2200 965 2293 Ἀρίσταρχος.
1009 2197 1199 2278 Jam'nulla
1220 2233 1274 2276 ra-

98 2369 100 2375 .
217 2313 310 2374 tione
336 2310 416 2374 licet
448 2307 535 2393 quod
561 2309 595 2372 in
617 2307 661 2372 V.
689 2307 764 2372 cod.
786 2309 908 2392 legitur
927 2307 985 2386 ,ἐκ
1006 2305 1150 2398 πλήρους
1170 2336 1275 2400 γραπ-

197 2407 291 2506 κτίον
322 2406 360 2475 τὸ
393 2409 545 2492 δαμίντια
576 2408 852 2476 hoc'restitnerc
879 2412 966 2476 velle
994 2413 1154 2497 Didymo.
1199 2415 1271 2478 Irno

217 2521 334 2576 auctor
355 2514 527 2596 pessimus,
549 2533 645 2598 quem
667 2513 790 2576 scimus
812 2533 909 2597 quam
930 2532 1031 2598 saepe
1052 2517 1273 2580 vetustiorum

217 2607 410 2680 testimonia
435 2635 500 2679 nou
520 2613 700 2706 &intellecta
722 2617 923 2697 corruperit,
951 2615 1041 2680 idern
1069 2616 1192 2682 secisse
1212 2639 1273 2702 pu·

216 2717 337 2781 landus
366 2722 417 2780 est
445 2717 509 2782 hoc
535 2718 621 2781 loco.
685 2715 902 2780 Aristarchus
924 2725 1049 2798 autem,
1079 2740 1273 2803 quacunque

217 2822 399 2882 commotus
422 2838 521 2882 causa
542 2817 606 2881 hoc
625 2819 801 2890 statuebat,
825 2819 890 2908 isto¹
911 2818 987 2883 loco
1009 2820 1189 2884 Homerico
1212 2842 1273 2902 per

217 2919 439 2987 anacoluthon
466 2921 575 3002 (quasi
598 2923 819 3001 praecesserit
840 2911 903 3006 ἤδη
930 2943 986 2986 σοι
1024 2913 1164 3004 πάρεστι
1189 2917 1270 3002 θνή-

218 3025 319 3096 σκειν)
342 3017 482 3104 δαμέντα
500 3021 643 3104 intelligi
665 3021 871 3100 volebat**),
894 3022 983 3105 quod
1005 3025 1041 3084 ut
1062 3021 1270 3100 significaret

217 3125 350 3207 plenum
383 3124 578 3189 vocabulum
610 3125 644 3185 in
675 3123 918 3204 exemplaribus
949 3121 1018 3185 suis
1042 3123 1185 3204 ¹scripsit
1205 3145 1269 3188 nec

218 3227 366 3290 detraxit
383 3225 530 3289 litteram
554 3225 710 3287 ultimam.
755 3223 854 3286 Hunc
874 3222 945 3285 eius
967 3231 1000 3286 et
1021 3220 1164 3287 fortasse
1186 3225 1270 3288 alio·

215 3337 288 3390 rum
312 3327 412 3391 etiam
434 3348 557 3391 morem
581 3319 767 3389 alin'etiam
789 3323 1270 3392 testimoniademonsnabunt

218 3474 440 3496 n-——ffl

285 3581 309 3640 *l
328 3578 500 3634 Aristonicus
521 3579 766 3668 dicit‚'utrumque
787 3575 933 3630 seeundum
954 3577 1144 3634 Aristarchum
1165 3570 1270 3635 admitti

218 3681 317 3732 posse,
341 3664 513 3720 Herodianus
535 3666 588 3718 hoc
609 3681 699 3718 unum.
739 3663 814 3716 llaec
835 3660 970 3716 dissensio
995 3665 1073 3726 (talia
1091 3674 1178 3718 autem
1197 3663 1270 3717 uude

220 3749 352 3803 fluxerint
370 3751 397 3802 in
415 3751 574 3804 Aristarcho
593 3759 686 3802 nostro
700 3747 887 3809 indicavimus)
897 3765 950 3801 non
960 3749 1025 3804 lacit
1033 3749 1132 3803 adrem
1142 3757 1269 3828 nostram.

289 3855 324 3912 ”l
342 3853 377 3907 cs.
395 3867 420 3917 κ,
437 3855 495 3908 565.
511 3851 536 3916 Ἰ,
553 3845 683 3907 αλλ-’λ
699 3868 730 3915 π,
747 3843 932 3906 till-'1673'
947 3854 983 3917 A,
1000 3855 1048 3910 567
1066 3849 1093 3903 ei
1110 3845 1185 3901 ίδντα
1202 3857 1269 3916 erat,

221 3931 356 3990 δνάσαονκ
384 3953 411 4005 ο,
432 3939 483 3992 240
505 3933 644 3990 commode
660 3936 830 3990 accusativus
847 3942 938 4010 nonest
954 3949 1023 4002 essa.
1057 3933 1152 3990 Restat
1169 3927 1270 3990 ἐλθόντ’

219 4029 246 4091 δν
265 4025 323 4080 250·
1040 4037 1044 4047 ¹
