2886 4728
1155 250 1220 398 m

115 543 119 559 '
152 519 354 618 didpcentc
379 521 530 621 ἱοχὲαιρα
552 535 588 596 et
606 527 772 602 similibus
793 527 829 596 in
851 527 963 616 priore
984 527 1131 610 membro
1151 542 1219 588 uon
1292 511 1294 521 ’

153 631 264 708 ¹scribi
294 621 315 720 ἧ
348 631 408 698 sed
437 621 476 717 ἦε
508 651 575 698 uon
607 652 681 700 esse
707 632 815 716 igitur
841 631 1048 703 decurtatum
1074 647 1118 694 ex
1143 616 1220 713 ἦρα.

153 733 249 801 Huic
269 738 380 799 tamen
401 733 583 820 posteriori
601 739 794 818 argumento
815 730 1057 817 quodammodo
1077 727 1221 812 Trypho

154 840 370 904 occurrerat:
391 836 529 902 dixerat
550 837 637 900 enim
662 837 697 900 io
719 833 883 900 eiusmodi
906 833 1104 912 dubitativis
1117 850 1220 900 enun-

153 935 393 1002 tiationibus*)
420 939 462 1002 ab
489 935 588 1002 initio
616 937 742 1003 assumi
769 935 1008 1013 disiunctiunm
1038 926 1071 1020 ἤ.
1120 931 1221 1010 Quod

153 1043 267 1104 tamen
288 1058 354 1102 non
376 1037 524 1104 admittit
536 1037 747 1124 Apollonius:
767 1038 841 1104 sine
862 1035 1222 1124 dubioquodillorum

153 1138 399 1224 significationi
429 1142 545 1226 aptior
571 1141 646 1206 visa
675 1139 881 1228 dubitativae
909 1159 983 1221 nec,
1004 1137 1133 1224 inquit,
1153 1134 1220 1200 hoc

153 1261 233 1306 cum
254 1240 443 1328 Tryphone
463 1247 611 1308 statuere
632 1262 770 1308 necesse
791 1247 862 1308 ests
887 1263 1028 1334 (neque,
1059 1239 1090 1306 si
1112 1237 1222 1302 forma

152 1345 315 1432 vocabuli
351 1350 513 1410 consonat
545 1365 620 1410 cnm
650 1344 872 1418 disiunctivo,
910 1342 986 1410 ideo
1019 1349 1071 1408 est
1091 1338 1220 1406 disiun-

152 1445 261 1510 ctivu.
310 1443 405 1510 Nam.
426 1455 462 1510 ut
489 1446 698 1514 diversorum
725 1445 961 1510 vocabulorum
988 1443 1119 1540 formano
1138 1457 1221 1505 con·

155 1551 287 1628 sonent,
310 1546 345 1611 id
367 1549 492 1613 accidit
517 1549 552 1613 in
575 1526 700 1613 multis.
724 1581 761 1596 -
786 1545 882 1611 Haec
903 1557 996 1610 certa
1018 1553 1221 1628 etexpressa

155 1654 192 1714 ct
224 1648 307 1733 quid
333 1649 531 1738 Apollonius
556 1649 701 1716 senserit
728 1668 856 1714 omnem
885 1643 1123 1713 dubitationem
1150 1643 1222 1710 exi-

156 1756 263 1815 munt.
314 1749 384 1814 Sed
405 1769 491 1838 quae
510 1770 597 1817 nunc
618 1752 773 1843 leguntur
792 1771 824 1834 p.
846 1750 926 1832 493,
956 1751 1046 1836 quod
1066 1745 1221 1832 equidem

156 1849 362 1952 intelligam,
390 1855 465 1920 tota
489 1871 565 1916 cum
591 1851 661 1917 iilis
681 1856 841 1937 pugnant.
884 1851 962 1918 Hoc
981 1857 1090 1918 autem
1112 1848 1223 1914 evenit

156 1952 260 2036 quod·
275 1949 454 2020 Bekkerus
480 1969 512 2043 v·
533 1953 727 2020 asceticis
754 1955 907 2018 laconum
929 1996 939 2016 .
962 2000 971 2018 .
993 1974 1043 2018 vo.
1063 1949 1222 2035 supplens¹

157 2054 296 2138 scripsit
322 2045 430 2120 τόνου.
482 2053 582 2132 Quod
608 2058 639 2122 si
665 2055 732 2122 hnc
754 2056 846 2123 tollis
868 2061 903 2120 et
924 2052 1105 2138 scripseris⁸
1124 2043 1221 2138 ὡρισ-

156 2150 257 2236 μένου
281 2157 335 2222 vel
359 2153 584 2241 διεζευγμένου
604 2157 659 2221 vel
682 2154 901 2245 προκειμένου
922 2154 1005 2222 haec
1025 2155 1134 2220 omnis
1153 2152 1224 2217 dis·

153 2255 288 2323 ticultas
316 2258 449 2324 sublata
470 2267 529 2322 est.
572 2257 612 2324 si
634 2278 686 2340 ea,
713 2280 799 2347 quae
820 2255 922 2324 modo
942 2263 1111 2342 proposui,
1133 2253 1220 2320 terri

154 2378 220 2426 nou
248 2364 389 2444 possunt
414 2358 504 2444 quod
526 2357 679 2444 longiora
698 2367 775 2426 sunt
796 2382 894 2447 quam
917 2378 977 2446 pro
1000 2379 1106 2425 vacuo
1127 2355 1221 2432 codi-

155 2462 209 2526 cis
230 2463 350 2546 spatio,
371 2458 469 2527 aliud
484 2461 708 2544 quaerendum
729 2462 820 2548 quod
841 2462 987 2528 nondum
1007 2460 1138 2527 inveni:
1160 2459 1221 2526 sed

153 2563 341 2628 sententiae
366 2563 575 2648 grammatici
598 2563 685 2646 illis,
714 2584 800 2649 quae
820 2564 1063 2644 substituimus,
1084 2562 1220 2628 satisfit.

154 2663 256 2730 Dicit
282 2665 393 2752 enim,¹
415 2665 663 2736 enuntiationes
685 2663 889 2732 dubitativas
910 2665 1020 2750 qualis
1042 2669 1092 2730 est
1112 2657 1220 2750 ἡμέρα

153 2757 244 2832 iccio
270 2755 291 2854 ἦ
317 2756 377 2844 vui}
403 2759 507 2848 ἐστινς
535 2765 782 2852 quodammodo
803 2765 1060 2834 transformatus
1081 2785 1154 2832 csse
1176 2783 1220 2829 ex

154 2865 386 2958 disiunctivist
406 2860 514 2956 ἡμέρα
536 2863 623 2935 ἐστὶν
643 2861 666 2956 ἢ
685 2865 745 2949 νύξ
763 2867 861 2938 ἐστιν.
892 2869 981 2938 Nam
1003 2876 1038 2936 et
1059 2866 1119 2932 illa
1140 2869 1218 2932 sunt

154 2967 377 3051 disiunctiva,
417 2970 507 3058 quod
534 2990 666 3051 eorum,
706 2992 791 3055 quae
818 2977 1041 3058 quaeruntur,
1075 2974 1221 3033 tantum-

153 3069 256 3135 modo
284 3072 425 3137 alterum
445 3092 562 3139 verum
585 3072 660 3137 erit
703 3072 874 3156 Indidem,
902 3073 1032 3158 inquit,
1061 3091 1126 3138 non
1148 3071 1220 3136 nine

155 3171 372 3255 persuasibili
394 3169 494 3240 causa
515 3173 653 3250 tactum,
677 3181 713 3266 ut
734 3176 892 3255 arbitror,
916 3182 951 3240 ut
971 3170 1219 3240 coniunctionis

153 3274 254 3338 etiam
281 3272 490 3345 dubitativae
516 3276 650 3343 forma
671 3298 717 3342 ex
739 3276 959 3343 disiunctivee
980 3273 1090 3342 forma
1111 3283 1219 3341 trans-

153 3372 302 3442 formata
322 3377 380 3443 sit.
423 3378 468 3443 H.
490 3377 642 3458 elinxit
664 3379 776 3465 lingua
795 3400 887 3444 suum
910 3379 1107 3466 particulam
1124 3378 1221 3464 dubi·

155 3477 292 3558 dativis,
320 3479 382 3544 sed
408 3479 468 3546 illa
489 3479 695 3546 dubitativae
718 3488 752 3548 et
772 3481 997 3548 disiunctivee
1019 3482 1218 3548 enuntiatio·

151 3576 207 3642 nis
245 3579 466 3648 similitudine
504 3582 748 3668 quodammodo
788 3584 988 3650 obversante
1018 3604 1084 3649 non
1122 3583 1222 3648 tinxit

153 3699 294 3770 prorsus
313 3683 557 3766 abhorrentem,
576 3684 638 3752 sed
650 3683 857 3754 diffinxitex
877 3683 1219 3764 disiunctivm-Sed

151 3846 376 3870 m

215 3985 242 4049 ‘i
259 4001 286 4043 r.
305 3989 338 4048 ld
354 3994 416 4062 post
433 3982 517 4062 ἀρχάς
533 3989 650 4060 suppleo
665 3985 769 4061 λόγους.
886 4071 893 4094 ¹
