2886 4728
944 41 950 58 ’
1078 9 1087 35 l

841 327 847 342 r

1197 239 1222 316 7

159 463 300 526 dientes
325 479 392 522 rem
417 478 542 532 nouam¹
560 462 593 522 et
619 461 736 540 arguto
764 454 896 520 scilicet
923 439 1165 536 excogitatam,
1188 435 1225 513 εὖ

160 589 204 650 ys
233 563 424 642 acclamant,
447 560 608 643 plaudunt
630 561 787 642 impense.

248 665 323 754 Npu
347 665 540 748 plauserunt
560 661 724 739 fortasse,
749 659 809 724 sed
833 657 999 754 religioso¹
1012 655 1148 720 silentio
1168 673 1226 719 au·

161 767 353 832 scultabant
382 766 425 830 de
452 757 678 848 ψυχομαντείᾳ
705 781 765 826 sna
793 761 970 824 referenti:
990 765 1025 822 ut
1047 759 1228 822 Homerum

162 889 207 930 ox
231 869 351 932 inseris
373 866 572 930 excitaverit
593 865 635 926 ad
659 863 930 945 percontandum,
954 881 1017 946 qua
1034 861 1229 944 patriaqui-

163 974 296 1052 busque
319 971 509 1053 parentibus
530 969 661 1050 genitus
683 973 784 1030 esset.
827 965 873 1028 Et
894 965 1060 1026 Homerus
1081 983 1145 1024 non
1169 964 1229 1024 mi-

166 1094 229 1140 nus
263 1072 396 1136 facilem
427 1091 463 1133 se
492 1072 523 1133 ei
554 1069 746 1150 praebuisse
777 1066 927 1145 uidetur,
957 1082 1053 1148 quam
1084 1062 1232 1129 Achilles

165 1174 348 1258 Apollonio
377 1172 552 1256 Tyanonsi
573 1167 751 1243 (Philostr.
774 1169 835 1229 vit.
859 1167 922 1250 Ap.
943 1187 974 1248 p.
1000 1170 1089 1244 153).
1130 1167 1231 1231 Dixit

164 1279 272 1338 enim:
302 1274 363 1338 sed
391 1308 430 1324 -
453 1279 609 1356 tanquam
632 1262 836 1356 ἅπὸῤῥητον,
865 1276 900 1330 et
921 1270 956 1332 in
976 1270 1094 1352 vulgus
1117 1271 1233 1334 efferri
1301 1269 1309 1296 ³

164 1379 288 1439 vetuit.
330 1374 423 1454 Ergo
444 1395 509 1438 non
532 1373 657 1436 audere
678 1393 750 1436 sese
771 1372 928 1451 profiteri,
950 1372 1031 1454 quid
1051 1372 1231 1450 responde-

165 1480 236 1542 rit:
268 1475 427 1559 impediri
450 1475 629 1557 religiones
651 1463 818 1558 »εὔστομα
839 1471 997 1540 seledo!
1039 1473 1125 1546 Tam
1146 1476 1232 1541 acite

163 1579 225 1644 ille
247 1581 350 1646 elusit
372 1577 540 1643 credulos.

657 1743 686 1828 s.
719 1746 751 1811 r.

164 2001 167 2007 Ι
256 1913 324 1980 Sed
346 1932 433 1978 nunc
455 1911 592 1995 rogandi
614 1911 697 1978 mihi
720 1913 866 1978 lectores
886 1895 961 1989 mei,
984 1915 1020 1976 ut
1042 1913 1234 2022 duAplono

170 2038 351 2103 parumper
392 2015 506 2079 oculos
552 2016 711 2079 deiiciant
759 2021 792 2079 et
829 2017 1031 2080 comitentur
1068 2037 1120 2082 me
1157 2036 1235 2080 con-

172 2121 256 2183 sulto
290 2119 532 2202 exspatiantem
567 2115 610 2180 ad
643 2116 744 2181 alium
776 2120 1036 2202 grammaticum.
1089 2119 1131 2181 ln
1157 2118 1235 2182 nri-

171 2218 305 2284 atarcho
329 2225 445 2282 nostro
468 2217 535 2282 duo
556 2221 987 2300 generagrammaticornm
1011 2219 1235 2304 depinximus,

169 2323 268 2386 unum
297 2321 471 2384 honestum
501 2319 602 2394 illud,
633 2340 771 2402 quorum
796 2322 890 2405 quasi
913 2325 1067 2406 princeps
1090 2329 1123 2384 et
1149 2324 1236 2385 anti-

91 2485 94 2491 ,
173 2433 244 2488 stes
272 2425 343 2507 ipse
374 2420 592 2486 Aristarchus
615 2428 683 2500 est,
711 2425 877 2486 assiduum
906 2424 941 2484 in
964 2423 1148 2487 litterarum
1169 2432 1238 2488 stu-

175 2528 252 2600 diis,
288 2525 399 2588 doctis
432 2523 608 2603 discipulis
629 2537 802 2605 vacantes,
834 2526 901 2588 arti
936 2527 1173 2607 grammaticae
1205 2531 1240 2590 et

171 2634 321 2692 veterum
349 2613 618 2708 interpretationi
646 2623 782 2690 deditos
810 2627 965 2690 veritatis
992 2627 1105 2692 studio
1126 2633 1159 2691 et
1180 2628 1240 2693 do-

175 2730 303 2791 ctrinae
324 2742 448 2808 amore,
471 2726 597 2790 alteros
620 2729 847 2810 quaestionum
862 2729 1240 2812 professores,veterum

172 2836 346 2914 poetarum
367 2827 647 2911 quaestionarios,
667 2832 763 2894 vanis
784 2829 1238 2914 hominumatudiisrespon-

175 2933 311 2995 dentosa
341 2951 424 3014 quos
452 2930 514 2992 snb
536 2929 801 3012 imperatoribus
827 2931 992 2995 Romanis
1022 2933 1167 2995 maxime
1188 2925 1255 2995 vi·¹

175 3036 286 3116 gnisse
309 3032 523 3096 ostendimus.
567 3031 634 3094 Sed
655 3031 720 3094 hoc
742 3033 1047 3114 temporetertium
1069 3031 1239 3122 gouusocl
1290 3031 1298 3132 l

176 3137 291 3214 currit,
315 3143 473 3216 tanquam
495 3134 746 3198 intermediumr
768 3133 882 3198 callidi
897 3132 1046 3197 homines
1059 3141 1092 3197 et
1104 3135 1240 3216 eruditi,

172 3237 405 3318 ‘grammaticis
432 3235 554 3298 studiis
576 3235 728 3298 favorem
750 3242 953 3318 apctrpantes
975 3237 1015 3298 ab
1038 3237 1241 3321 eloquentia,

177 3337 361 3421 oppidatim
384 3337 556 3416 docentes,
578 3338 619 3400 ad
643 3333 811 3401 rhetorum
835 3345 868 3400 et
880 3336 1101 3421 sophistarum
1114 3359 1241 3404 rnorem

174 3447 208 3502 et
228 3460 308 3524 opes
331 3446 365 3502 et
386 3459 546 3501 summam
566 3439 707 3522 gloriam
730 3439 842 3521 adepti
863 3437 917 3504 his
939 3435 1165 3524 auditionibus
1182 3461 1242 3526 po·

177 3544 255 3624 tius,
279 3563 378 3626 quam
398 3541 550 3625 scriptis.
591 3540 759 3624 Exemplo
780 3547 854 3606 osto

175 3741 400 3763 *tn—nn...-

176 3844 234 3895 bat:
258 3875 291 3888 -
312 3851 503 3912 argumentum
526 3843 674 3898 afferebam
699 3873 731 3886 —
750 3805 812 3899 dno
830 3843 940 3901 videtur
956 3841 1116 3913 significare
1134 3844 1189 3901 boc
1205 3845 1241 3902 il·

174 3926 232 3982 lum
258 3929 360 4002 dicere,
376 3929 506 3996 solitum,
535 3945 598 3986 cum
616 3944 666 3984 ore
687 3927 839 3986 Homerum
864 3928 1026 4000 explicaret.
1052 3959 1085 3978 ι-
