2888 4734
1180 364 1258 443 aru
1363 322 1365 329 ⁴

261 525 389 642 Verum
423 576 476 640 est
507 591 572 640 uec
594 542 721 636 oblitui
753 587 825 634 sum
855 567 1029 652 equidem,
1052 569 1110 636 nbi
1132 569 1258 638 similis
1303 559 1307 576 '

34 765 54 776 ἱ
108 719 110 722 -
175 679 344 744 sententia
367 676 521 762 ponitur,
543 665 665 760 sponte
687 691 924 755 nonnunquam
951 671 1070 738 eadem
1090 674 1256 766 pucabulu

176 773 371 848 incurreret*
393 779 485 864 qnod
507 799 550 843 ne
571 780 598 841 ii
621 775 765 862 quidem.
780 773 976 840 devitarunt
997 775 1149 858 omnino,
1172 798 1256 860 qno.

176 905 251 950 rnna
274 879 459 947 artificium
482 885 557 966 erat
578 881 717 946 eandem
740 877 940 944 sententiam
962 877 1041 943 aliis
1064 879 1179 944 verbis
1200 880 1257 944 di-

117 1029 119 1034 ,
153 1006 272 1066 cere,
294 989 333 1048 nt
354 967 518 1048 Erchiacr
541 983 600 1048 sed
622 982 683 1046 illa
706 981 817 1044 omnia
838 980 1054 1062 inspicienti,
1076 983 1257 1066 itemquae

161 1087 269 1153 »infra
290 1087 500 1171 apparebunt
522 1087 558 1150 in
580 1083 712 1167 reliqua
724 1089 820 1164 parte
831 1081 1094 1160 Hesiodeorurn‚
1116 1085 1257 1151 minime

176 1189 306 1256 sufficit
335 1187 444 1270 istud,
473 1187 630 1262 sednon
653 1191 765 1270 potest
785 1183 923 1250 dubium
946 1204 1020 1252 esse
1041 1187 1174 1272 inipso
1197 1207 1256 1253 vo-

177 1284 298 1358 cabulo
311 1295 511 1355 momentum
534 1291 650 1355 fnisse.
694 1287 794 1366 Quos
814 1304 877 1370 per
897 1287 1027 1369 gradus
1043 1307 1100 1354 res
1112 1310 1260 1376 ¹coper-

174 1395 326 1475 uenerit,
350 1413 416 1474 qno
440 1394 475 1456 in
497 1389 700 1476 Theognide
716 1389 933 1458 -otHesiodo
955 1412 1027 1456 eam
1050 1398 1138 1459 nune
1160 1393 1259 1458 inve-2

175 1498 303 1574 nimus,
337 1494 404 1558 boc
436 1493 581 1566 difficile
614 1493 709 1558 dieta
742 1503 895 1572 cst-non
925 1487 1016 1579 qao‘d
1046 1515 1167 1563 causae
1189 1512 1256 1560 non

175 1600 307 1682 possint
335 1596 491 1680 cogitari,
521 1597 581 1662 sert
609 1595 701 1681 qnod
727 1596 853 1668 multae
876 1602 910 1661 et
937 1598 1066 1662 uariae.
1078 1613 1081 1620 ’
1108 1597 1257 1682 Repeta-

175 1719 249 1764 mns
272 1719 292 1764 a
314 1700 590 1782 primaerigine
629 1698 811 1782 Fingamus
832 1699 979 1792 aliquem
1002 1718 1045 1764 ex
1068 1699 1191 1783 priscis
1214 1699 1256 1763 il-

173 1801 217 1883 lis
240 1803 470 1867 sententiosas
492 1802 680 1885 sapientiae
702 1785 900 1866 doctoribus
920 1801 957 1866 in
978 1801 1259 1884 coronaaudien·

174 1906 258 1967 tium
281 1910 461 1987 praecepta
488 1905 597 1978 uitae,
620 1904 775 1986 laboris,
805 1904 961 1984 virtutis,
989 1905 1051 1972 uel
1065 1889 1258 2002 simplicius

177 2004 335 2070 conclusa
364 2006 418 2068 ret
450 2008 564 2072 suavi
561 2005 750 2072 historiola
772 2012 819 2072 ct
830 2006 994 2091 allegoria
1015 2011 1173 2074 contexta
1193 2027 1255 2074 ex-

52 2157 57 2162 .
175 2091 388 2188 promentes:
427 2127 529 2191 qnos,
567 2109 708 2192 opinor,
746 2110 875 2176 Aratus
907 2110 1072 2192 cogitavit
1093 2126 1179 2202 ¹cnm
1210 2108 1259 2174 de

173 2209 261 2290 Dice
284 2211 376 2275 inter
396 2207 549 2274 homines
564 2217 730 2280 uersante
749 2213 891 2281 canebat
912 2213 959 2289 (u.
985 2215 1060 2292 105)
1113 2251 1128 2268 «ι

498 2305 699 2402 ἆγειραμένη
721 2311 762 2382 δὲ
781 2311 938 2404 γέροντας
1051 2355 1053 2365 ·

193 2449 202 2454 -
257 2407 297 2500 ἠέ
318 2407 455 2480 moenem
476 2407 584 2500 ἇγόρῇ
605 2407 628 2499 ἢ
649 2408 816 2502 εὐρυχόρῳ
834 2415 870 2484 ἐν
897 2409 1000 2506 ἀγυιῇ
1042 2435 1045 2504 j
1077 2461 1082 2478 .

260 2507 574 2604 δημοτέραςῆειδιιι
595 2511 843 2600 ἐπισπέρχουσα
863 2517 1081 2599 θέμιστας.

166 2623 278 2700 Eum,
307 2626 343 2683 nt
372 2619 438 2684 boc
461 2625 611 2694 utamur,
635 2636 702 2681 non
724 2619 947 2701 improbabile
968 2625 1040 2700 est,
1074 2639 1150 2689 cum
1166 2641 1252 2687 sen-

172 2727 336 2794 tentiam
341 2720 512 2786 intulisset
541 2720 583 2785 de
605 2714 694 2808 δίκη,
723 2722 877 2788 oratione
900 2721 1037 2822 puniam
1060 2721 1254 2789 intermissa

173 2828 274 2892 aliam
297 2826 522 2916 expromsisse
543 2823 587 2886 de
610 2818 701 2909 erup,
724 2828 759 2890 et
780 2824 1069 2908 aqunutfortasse
1080 2824 1252 2910 deinceps

9 2969 10 2979 ι
70 3003 74 3010 ,
173 2929 240 2994 Sed
263 2928 317 2990 vet
339 2927 405 2992 hnc
426 2925 613 2990 inventioni
635 2937 669 2991 ct
689 2927 870 2996 mamonae
881 2938 1046 3018 promtum
1060 2933 1152 3009 erat,
1175 2948 1252 3000 cum

173 3051 239 3095 nna
262 3032 371 3094 iliata.
379 3034 518 3094 essetc.
542 3046 573 3112 g.
598 3027 634 3092 ia
656 3035 778 3112 quaet
798 3023 873 3114 δίκη
895 3037 987 3094 esset
1005 3039 1038 3096 et
1058 3024 1172 3113 ὅρκος,
1203 3036 1261 3096 tu-·
1303 3042 1305 3049 ⁴

174 3134 240 3197 lem
274 3133 435 3214 deinceps
469 3150 688 3214 expromere,
716 3133 751 3195 in
780 3151 847 3216 qno
869 3129 956 3196 haec
978 3131 1044 3194 dno
1068 3134 1149 3196 item
1174 3153 1255 3196 con·

94 3301 96 3308 ,
173 3235 430 3314 inuenerant,
458 3251 696 3318 nonnunquam
714 3255 801 3300 cnm
834 3233 976 3317 quadarn
999 3253 1117 3301 sensus
1138 3234 1254 3300 affini-

176 3341 262 3416 tate,
298 3356 534 3419 nonnunquam
568 3344 606 3402 nt
623 3337 704 3402 iam
726 3336 789 3404 vix
810 3335 879 3402 alia
900 3338 1103 3420 cognatione
1125 3338 1256 3406 animus
1306 3395 1332 3413 Ἰ.

173 3440 359 3524 duceretur
391 3447 495 3522 quum
525 3439 647 3504 iisdem
669 3440 935 3518 recurrentibus
966 3438 1155 3505 uocabulis.
1210 3441 1252 3506 ln

86 3615 90 3626 Ι
124 3561 131 3570 ’
173 3543 325 3606 carmine
359 3540 570 3606 sententioso
585 3541 810 3633 ··Germanico
840 3540 1060 3631 „Vridankes
1087 3539 1254 3607 Bescbei·

174 3639 337 3708 denheit“
370 3647 474 3726 capnt
506 3645 548 3709 32
576 3643 622 3725 (p.
654 3645 697 3709 ⁷8
723 3634 777 3708 ed.
806 3643 967 3720 Grimm.)
991 3649 1043 3712 est
1064 3644 1167 3726 qvon
1189 3643 1254 3711 den

173 3742 297 3810 Wisen
321 3745 391 3838 und
412 3741 565 3811 Tbren.“
610 3745 722 3810 Huius
744 3747 878 3811 initium
902 3750 970 3812 estu

346 3849 415 3912 Got
435 3846 496 3913 hut
519 3846 585 3910 den
607 3846 716 3914 wisen
739 3869 838 3931 sorge
859 3852 944 3934 gebu
988 3923 990 3930 ,

344 3948 389 4014 aa
411 3948 445 4015 bi
467 3951 531 4014 den
554 3944 650 4014 tbren
670 3948 781 4032 scntte
802 3950 890 4019 lebn.

347 4053 400 4118 Ea
424 4049 525 4119 enhtt
548 4053 682 4118 nicrnan
703 4049 811 4119 wisen
833 4057 927 4118 munt
