2886 4728
23 601 33 664 l

1158 274 1323 416 la'

130 541 271 606 Graeco
292 537 384 644 ludq‚
408 542 464 605 cui
487 537 629 623 Neapoli
653 545 817 625 praeerat,
840 538 1078 622 interpretatae
1088 539 1134 604 eit
1145 561 1207 604 ex·

130 662 273 727 ponens,
295 651 451 708 recenset
474 643 666 724 Homerum,
690 639 887 715 Hesiodum,
910 641 1105 722 Pindarum,
1128 643 1208 722 lby-

129 765 220 825 cum,
244 746 449 825 alemanam,
474 745 723 822 Stesichorum,
752 743 955 823 Corinnam,
984 743 1206 812 Theocritum

131 855 236 930 atque
276 849 377 912 etiam
414 845 644 931 Sophronam,
684 855 717 933 et
750 843 992 909 Callimachum
1025 853 1059 912 et
1090 845 1205 930 Lyco.
1284 862 1288 876 ‹
1385 861 1388 880 a

130 947 316 1032 phronema

395 1070 539 1150 pandere
567 1067 660 1131 docti

222 1185 383 1252 Carmina
408 1183 589 1250 Battiadae
611 1185 825 1268 latebrasque
846 1181 1085 1268 Lycophronis
1105 1183 1184 1266 atri,

224 1289 466 1374 Sophronaque
488 1289 702 1371 implicitum.
1039 1348 1043 1361 ,

131 1392 176 1453 In
200 1394 478 1474 interpretatione
493 1399 526 1465 et
538 1391 714 1454 verborum
729 1387 909 1470 explicatio
921 1393 954 1451 et
966 1372 1203 1471 grammaticae

128 1493 334 1576 explanatio
360 1502 395 1559 et
423 1495 491 1558 alia
524 1512 568 1557 ex
601 1513 641 1554 eo
671 1480 1075 1573 genereuspe‘rtabantura
1102 1499 1140 1556 ut
1163 1492 1204 1562 de

129 1597 252 1659 metris
274 1603 308 1658 et
331 1595 465 1678 quidem
488 1591 529 1658 de
552 1591 763 1675 stropharum
787 1605 818 1654 et
840 1591 1124 1676 antistropharum
1149 1615 1203 1658 re·

130 1697 318 1779 sponsione
340 1698 463 1778 diserte
485 1695 720 1759 commemorat
742 1693 886 1758 Statium
908 1694 1023 1757 docuit
1043 1698 1129 1760 euim
1142 1697 1200 1762 ille

390 1832 454 1898 qua
476 1814 547 1896 lege
574 1817 724 1878 recurrat

210 1931 418 1998 Pindaridae
440 1951 509 1997 vox
531 1931 620 1997 ssexa
641 1931 740 2016 lyrae
761 1929 1002 2014 volucrumque
1037 1931 1198 2012 precator

214 2037 339 2120 lbycus
363 2042 426 2098 cet.
450 2055 482 2099 v.
507 2039 578 2101 151.
613 2109 615 2116 Ι

216 2152 283 2218 Sed
324 2153 489 2216 orationis
520 2139 818 2247 lepords'priurum
849 2151 1131 2233 expromebautur
1163 2153 1197 2216 in

131 2253 369 2320 transferendo
393 2263 490 2337 poeta
513 2257 547 2317 iu
570 2236 753 2317 orationem
776 2253 927 2330 solutam,
953 2251 984 2313 iu
1009 2275 1072 2338 quo
1095 2260 1129 2318 et
1151 2258 1197 2318 si-

132 2358 207 2422 mili
235 2357 449 2441 periodorum
472 2355 614 2418 decursu
637 2355 792 2419 concludi
816 2376 877 2418 uec
898 2355 977 2438 quid
1000 2353 1041 2418 ad
1064 2376 1196 2421 sensum

131 2459 249 2524 deesse
270 2458 432 2524 debebat..
477 2457 536 2522 Sic
558 2455 689 2522 Statius
712 2457 753 2521 de
776 2465 881 2541 patre,
905 2475 937 2524 v.
960 2457 1031 2522 159.

382 2575 436 2640 Tu
459 2595 521 2659 par
541 2583 693 2641 assuetus
715 2575 864 2639 Homero

216 2693 321 2760 Ferre
339 2699 452 2777 jugum
476 2714 640 2780 senosque
663 2695 762 2783 pedes
784 2713 927 2780 aequare
949 2693 1068 2760 solutis

221 2812 386 2877 Versibus
410 2820 443 2877 et
464 2833 631 2895 nunquam
654 2833 752 2896 passu
776 2815 930 2879 breviora
956 2814 1112 2897 relinqui.

130 2915 208 2993 Quo
242 2915 316 3000 quis
346 2916 449 2997 igitar
477 2918 583 2997 magis
609 2915 709 2977 simul
730 2917 893 2977 orationis
917 2935 1056 2988 veneres
1077 2935 1194 2979 serva-

130 3019 188 3082 bat
212 3038 251 3080 eo
274 3019 401 3100 gratior
412 3021 454 3090 *).
498 3015 634 3080 Deinde
656 3018 689 3079 in
713 3015 895 3080 afferendis
917 3023 1036 3098 poetae
1057 3017 1195 3082 virtuti·

87 3179 89 3188 .
131 3121 208 3184 bus:
234 3128 269 3182 ut
292 3119 396 3184 Statii
418 3129 512 3202 pater
534 3119 649 3183 docuit
669 3137 746 3182 suos
777 3114 780 3130 ’

212 3237 413 3312 Quantus
435 3257 540 3321 equos
561 3255 753 3323 pugnasque
775 3235 886 3302 virum
899 3233 1080 3305 decurrere
1095 3257 1194 3308 versu

126 3337 333 3404 Maeonides.
354 3359 386 3406 v.
411 3339 484 3405 lta.
1019 3349 1021 3354 '

124 3507 348 3527 ..ιιι-ιιι·-

143 3717 145 3726 s
190 3659 217 3723 t)
235 3656 386 3730 Polybius,
406 3657 441 3714 ad
459 3675 539 3726 quem
549 3656 672 3714 Senecae
687 3655 840 3712 consolatio
849 3665 899 3728 eet,
917 3659 1188 3720 HomemnrinLati·

122 3758 200 3810 uam,
218 3744 372 3810 Virgilium
392 3743 419 3798 ia
431 3745 564 3798 Graecam
575 3743 726 3798 orationem
736 3745 911 3798 transtulerat
921 3745 1048 3812 solutam,
1065 3749 1113 3802 sed
1124 3765 1187 3803 ora·

122 3829 208 3883 tionis
224 3831 340 3882 veneres
358 3829 543 3883 aemrrlanrem.
569 3830 631 3884 Nou
645 3843 759 3898 prorsus
777 3829 871 3882 eadem
882 3846 926 3882 res
936 3839 990 3884 est:
1007 3841 1123 3885 attamen
1132 3849 1188 3890 non

119 3913 215 3980 inepte
224 3911 350 3968 Senecae
367 3913 443 3966 locus
457 3912 641 3978 contendetur,
659 3925 739 3978 quem
749 3911 1186 3973 Marklandiusstatioadhibuitr

119 3999 265 4068 ‚agedum
283 3989 343 4064 illu,
360 4013 432 4068 quae
440 3997 525 4054 multo
536 3997 641 4068 ingenii
660 3997 700 4052 tui
713 3998 811 4052 labore
820 3997 958 4055 celebrata
966 4007 1036 4066 suut,
1054 3997 1186 4058 inmunus
1208 4063 1211 4070 ,
