2866 4730
590 531 594 542 .
657 465 743 550 er.

253 636 317 702 Ubi
346 635 553 723 praepositio
581 637 782 723 simpliciter
802 637 927 702 nomini
949 657 1010 704 sno
1031 641 1084 706 rel
1106 629 1236 726 prono}

166 739 248 804 mini
275 731 327 806 vol
350 743 452 805 verbo
475 745 711 825 postponatur,
741 740 861 805 doctae
882 740 1092 826 ent-iquitatis
1114 745 1252 826 regala.

166 848 219 906 est
244 855 416 907 accentum
444 846 583 910 retrahi.
635 843 783 909 Ariston.
805 843 846 915 P,
868 843 948 930 240,
965 869 966 876 “
985 845 1142 928 Apollon.
1162 849 1232 914 lex&

166 935 244 1018 divo,
267 941 337 1009 ἔπι.
378 944 506 1011 Herod.
528 945 585 1012 Jo.
609 946 663 1010 nt.
684 947 741 1020 27,
763 947 795 1012 5.
839 937 1002 1015 Prosit.
1025 948 1073 1028 Β,
1094 951 1166 1013 399.
1187 949 1228 1030 Ε,

165 1047 226 1111 138
248 1047 422 1131 (Dionys.)
444 1049 517 1114 739.
540 1051 587 1129 Ζ,
608 1051 671 1114 357
694 1047 945 1126 (Ptolemaeus).
967 1040 1004 1110 H
1011 1035 1228 1129 ,totileni

164 1151 236 1217 425.
279 1152 334 1228 A,
357 1153 431 1217 370.
472 1151 516 1230 O,
540 1149 612 1214 142.
634 1154 709 1215 665.
752 1151 797 1228 Σ,
819 1151 850 1212 7.
896 1151 942 1225 Τ,
965 1153 995 1215 4.
1029 1153 1069 1230 Υ,
1093 1153 1174 1232 221,
1197 1157 1231 1216 ei

165 1259 336 1334 praeterea
368 1254 497 1336 aliquot
528 1249 646 1314 horum
680 1247 885 1314 scholiorum
911 1251 1007 1316 locist
1030 1251 1113 1336 Reg.
1139 1273 1228 1337 pros.

162 1355 278 1430 Herm,
302 1376 332 1437 p.
355 1356 429 1422 459.
472 1355 526 1417 Et.
540 1353 588 1417 M.
612 1353 691 1432 123,
714 1355 766 1416 30.
783 1353 862 1430 ddi,
891 1355 1065 1427 idtCram.
1088 1355 1118 1418 9.
1143 1357 1229 1429 154).

162 1455 230 1519 Sed
260 1457 317 1520 ubi
349 1455 552 1540 praepositio
585 1454 773 1536 postposita
806 1454 922 1520 ultima
953 1457 1065 1521 vocali
1084 1451 1227 1520 'obieeta
1321 1515 1325 1522 ,

161 1579 269 1642 neque
295 1555 456 1641 sequente
484 1547 752 1640 int'er'p'irnotlone
780 1555 1017 1641 apostrophum
1043 1559 1227 1640 acceperit,

161 1660 217 1724 vel
243 1661 332 1723 inter
359 1659 641 1743 praepositionem
669 1661 769 1742 atque
791 1659 1004 1739 vocabalum,
1025 1660 1124 1744 vquod
1146 1661 1225 1723 inde

161 1751 459 1845 pendet‚:voouie
490 1779 556 1824 ana
585 1757 640 1824 vei
673 1760 785 1842 plnres
811 1759 1028 1843 interpositae
1050 1764 1133 1842 sint,
1157 1774 1224 1824 tum

160 1861 245 1928 nihii
280 1863 416 1928 debere
432 1863 467 1924 in
490 1865 627 1926 accentu
652 1860 807 1945 ponendo
830 1883 849 1926 a
878 1862 1131 1927 solitarotiooe
1152 1864 1225 1926 dis-

159 1966 246 2030 cedi.
276 1949 405 2028 Herod.
427 1962 484 2027 Jo.
508 1963 561 2028 Al.
586 1985 617 2046 p;
642 1963 700 2045 27,
725 1968 775 2030 11.
798 1983 831 2047 p.
853 1965 911 2041 23,
934 1965 965 2030 9.
1011 1965 1107 2029 Pros.
1128 1966 1172 2028 ll.
1194 1967 1222 2039 Ι,

158 2069 229 2134 456.
272 2068 323 2146 Κ,
346 2067 418 2130 273.
461 2067 498 2138 Σ,
519 2067 593 2132 244.
605 2067 678 2130 400.
701 2067 772 2132 191.
819 2067 861 2144 o,
884 2065 949 2131 538
966 2067 1224 2149 (inspiciendum

158 2171 198 2234 de
215 2165 581 2245 Niciae‘dissensione).
597 2167 640 2247 B,
665 2169 736 2234 151.
760 2201 797 2225 -.-
819 2167 864 2251 E,
885 2171 960 2237 233.
984 2173 1055 2234 308.
1079 2171 1126 2252 Η,
1150 2175 1222 2238 163.

159 2275 229 2338 167.
283 2263 332 2347 K,
367 2271 419 2337 95.
453 2271 525 2336 273.
559 2271 632 2336 335.
664 2271 738 2335 351.
788 2271 834 2351 Ψ,
856 2272 1028 2336 377·Εο
1050 2272 1103 2351 Μ,
1128 2273 1162 2336 il.
1184 2275 1221 2341 ll.

156 2373 311 2448 (Cramer
342 2373 452 2456 Epim.
486 2371 522 2447 Ι,
554 2371 628 2436 154.
655 2373 743 2448 341).
788 2371 867 2438 Son.
889 2372 933 2438 V.
955 2373 999 2440 nd
1017 2372 1061 2454 0,
1086 2376 1157 2441 142.
1179 2411 1222 2426 -

240 2509 288 2572 Et
309 2507 401 2571 illius
422 2509 610 2594 praecepti,
633 2505 724 2591 quod
738 2512 790 2571 est
803 2505 844 2586 de
856 2503 1107 2590 praepositione
1119 2531 1220 2596 syna.

156 2609 298 2694 loephen
325 2631 439 2693 possa,
480 2608 568 2694 quod
599 2611 635 2674 et
660 2607 892 2674 Aristarchum
904 2608 937 2696 *l
963 2617 1121 2674 secutum*
1146 2635 1220 2680 esse

158 2719 192 2780 et
213 2709 426 2796 Apolloniam
448 2712 608 2778 discimus
618 2732 670 2804 'ex
692 2711 806 2780 Schol.
826 2713 871 2794 Σ,
901 2711 971 2793 191,
993 2713 1220 2780 rationem'li·
1245 2751 1252 2784 ,ι

156 2874 381 2902 ..fl-pu...-

92 3011 95 3014 '
221 3002 248 3064 *l
269 3001 310 3054 lid
320 3006 356 3067 A,
374 3003 424 3060 069
441 2999 498 3075 (oroi
514 2996 567 3067 pir
584 3001 671 3054 τοῖσιν
687 2995 741 3071 tyni
757 2995 819 3067 ped’
830 2993 957 3066 ὁμίλεον),
975 2992 1061 3054 edidit
1071 2997 1222 3056 Belkems

155 3082 226 3152 ptrl’)
249 3082 333 3146 οὕτως
353 3084 524 3160 Ἀρίσταρχος
549 3081 596 3152 τὴν
621 3081 690 3152 μετὰ
716 3079 865 3155 φυλάσσειν
889 3080 937 3136 τὸν
962 3079 1050 3140 τόνον.
1091 3085 1219 3142 Debebet

154 3169 230 3240 μεθέ
250 3187 311 3224 nam
328 3170 370 3228 sio
388 3171 556 3240 praepositio
573 3165 706 3240 φυλάσσει
724 3165 771 3225 τὸν
787 3165 879 3235 τόνον,
898 3177 927 3223 nt
945 3167 1084 3234 intelliges
1101 3188 1137 3228 ex
1153 3181 1218 3230 note

155 3253 190 3308 ad
213 3258 256 3319 K,
280 3261 339 3312 273.
380 3256 528 3314 Praetereo
548 3256 724 3310 scribendum
739 3254 794 3312 erit
811 3249 969 3326 φυλάσσων.
1005 3254 1076 3310 Ouid
1094 3256 1149 3313 sini
1169 3273 1219 3310 ao·

152 3337 237 3394 luerit
254 3340 297 3394 vel
314 3339 343 3394 in
361 3339 411 3396 hac
426 3340 570 3406 brevitate,
589 3338 705 3409 opinor,
729 3341 832 3394 clerum
850 3347 899 3400 est.
934 3337 1031 3394 Noluit
1045 3343 1215 3412 μεθομίλεον

153 3423 206 3478 teti
222 3422 283 3481 κείν’
305 3421 420 3490 ὁμίλεον
438 3427 582 3490 (rationem
601 3426 660 3480 eius
678 3425 809 3478 indicavit
827 3421 1016 3492 Spitznerus):
1035 3425 1083 3484 sed
1102 3441 1154 3478 oon
1172 3441 1220 3477 re-

149 3507 236 3563 traxit
252 3521 406 3576 secentum,
423 3511 468 3564 vel
486 3512 561 3578 quod
578 3511 766 3581 synaloephen
786 3525 865 3580 possa
882 3507 1070 3578 praepositio,
1089 3511 1132 3586 vel
1143 3509 1219 3578 quod

92 3605 95 3610 ·
152 3592 222 3647 inter
244 3611 335 3648 casnm
348 3605 375 3648 et
388 3596 621 3666 praepositionem
637 3594 795 3650 intercurrit
805 3595 976 3648 vocabulum.
997 3626 1027 3638 ·-
1046 3594 1123 3648 Idem
1141 3595 1216 3663 quod

150 3675 283 3748 ‹poldooet
299 3673 445 3736 τὸν-τόνον
462 3687 502 3734 est
520 3677 706 3751 ὀρθοπονεῖται
721 3676 739 3746 ἡ
755 3674 898 3751 πρόθεσις,
921 3679 995 3746 quod
1014 3678 1216 3750 praepositioni

150 3761 335 3830 apostrophen
353 3782 451 3836 passae
468 3763 626 3836 opponitur.
660 3765 705 3819 Jo.
724 3763 768 3817 nt.
785 3770 813 3826 t,
829 3769 855 3822 3.
872 3767 916 3830 26,
935 3769 978 3822 20.
1014 3763 1109 3821 senor.
1128 3764 1215 3837 Dion,

149 3853 212 3914 324,
234 3855 277 3908 20.
301 3851 363 3907 Hoc
389 3867 440 3918 pro
459 3842 631 3914 ὅμοιονεῖισι
648 3846 844 3905 restituendum
862 3851 914 3906 dn.
933 3851 1025 3908 Crem.
1041 3850 1071 3916 1,
1089 3851 1154 3914 roo,
1171 3853 1217 3912 24,

151 3933 287 4002 orestis
305 3934 348 3990 m.
367 3937 405 3992 Μ.
423 3937 526 4000 3425.
875 3936 877 3941 ’
