2886 4728
250 365 298 451 Β

246 566 372 630 incluta
407 565 580 631 mulierem
608 557 715 643 vetuit
742 561 1021 645 inconspectum
1051 581 1145 626 suum
1172 562 1310 632 deducit

246 679 286 730 ut
307 682 464 734 eamne
486 664 625 730 oculis
645 664 733 726 suls
755 661 1260 748 quidem‘eontingenetst‘

737 791 861 880 di”

298 985 301 994 ,
327 919 545 1006 Eloquentiae
563 918 636 980 sine
659 917 759 982 dubio
781 914 923 980 debebat
946 918 1135 1002 praecipue,
1159 895 1224 982 nori
1242 920 1312 982 cal-

242 1022 340 1086 lidati
361 1023 468 1098 solum
490 1027 525 1084 et
547 1039 657 1083 rerum
679 1017 876 1104 cognitioni,
900 1020 989 1099 qu⁰d
1012 1041 1084 1083 eum
1099 1022 1327 1103 potissimum

240 1126 407 1208 eligebant
427 1121 661 1201 Alexandrini,
684 1128 740 1206 qui
763 1125 915 1192 Judaeos
932 1119 1024 1209 apud!
1040 1122 1225 1202 Caligulam
1249 1121 1312 1184 im-

240 1235 428 1310 peratorem
457 1229 635 1288 incusaret.
680 1225 758 1300 Qua
779 1249 881 1296 causa
902 1226 1001 1291 simul
1022 1223 1146 1287 sactum
1169 1229 1240 1302 est,
1272 1233 1310 1286 ut

239 1331 311 1392 eius
333 1347 451 1391 nomen
475 1333 509 1391 et
531 1327 696 1408 ingenium
719 1348 799 1410 proc
821 1333 899 1396 aliis
919 1325 1148 1414 grammaticis
1161 1325 1194 1385 in
1209 1323 1312 1387 Chri-

239 1433 419 1493 stianorum
449 1427 637 1498 doctiorum
665 1436 700 1490 et
728 1431 954 1510 indoctiorem
984 1427 1138 1492 notitiam
1166 1427 1307 1490 veniret.

237 1525 447 1594 lndnxerunt
476 1551 548 1592 eum
577 1529 636 1612 qui
664 1549 736 1592 cum
767 1534 932 1615 apostolis
958 1537 993 1594 et
1013 1525 1132 1613 primis
1156 1515 1308 1615 patribus

237 1635 410 1732 disputans
443 1636 592 1696 veterem
620 1631 817 1715 religionem
846 1632 1059 1698 detenderet
1114 1629 1238 1692 Euseb.
1275 1627 1308 1692 h;

118 1744 120 1752 ’
235 1713 342 1800 Eccl.
362 1733 435 1813 111,
464 1733 505 1798 38
528 1731 571 1793 de
592 1731 731 1812 scriptis
755 1733 919 1818 Clementi
943 1733 1094 1798 ltomano
1122 1731 1307 1814 suppositis

234 1839 337 1901 verda
363 1779 508 1898 faciens·
532 1822 594 1918 ἤδη
616 1830 653 1898 δὲ
674 1829 732 1898 καὶ
752 1831 848 1921 ἕτερα
870 1799 1029 1916 πολυεπῆ
1040 1857 1092 1896 και
1102 1854 1214 1917 ponpa
1229 1853 1307 1916 οογ-

188 1931 193 1936 ’
234 1932 426 2024 γράγιματα
434 1931 530 2014 ἐχθὲς
556 1928 612 1996 καὶ
641 1925 755 2018 πρώην
777 1934 861 2012 τινες
881 1929 1084 2022 προήγαγον,
1111 1931 1244 2022 Πέτρου
1266 1930 1307 2014 δὴ

173 2115 176 2134 ³
233 2037 289 2104 καὶ
313 2031 476 2110 Ἀπίωνος
498 2029 676 2114 διαλόγους
700 2030 910 2120 περιέχοντα·
932 2024 977 2098 ὧν
999 2028 1067 2098 οὐδ’
1089 2028 1175 2112 oleos
1194 2026 1305 2120 μνήμη

233 2163 282 2216 τις
314 2135 406 2223 παρὰ
437 2140 506 2212 τοῖς
538 2131 696 2210 παλαιοῖς
731 2134 878 2221 φέρεται.
928 2137 1086 2201 Festinus
1116 2135 1308 2228 est-Aplop

233 2237 578 2305 Plistonicensis
610 2237 645 2322 iu
681 2240 967 2324 recognitionibus
1000 2237 1181 2301 Clementis
1218 2257 1305 2320 quau

231 2343 397 2416 feruutur,
421 2340 443 2403 l.
466 2337 514 2402 X.
538 2358 571 2420 p.
596 2341 657 2401 l5l
683 2338 802 2411 (editio
826 2341 998 2404 Lamberti
1021 2337 1164 2424 Gruteri
1182 2337 1301 2406 Colon.

232 2445 345 2516 laam:
366 2443 424 2506 ulii
448 2437 583 2524 quidem
607 2458 672 2500 uon
695 2439 845 2526 disputat
870 2463 944 2504 cum
966 2441 1084 2518 Petro,
1107 2425 1165 2522 qui
1187 2426 1302 2504 adeste

230 2545 292 2610 sed
314 2565 388 2608 cum
412 2541 585 2606 Clemente
610 2539 815 2626 disputatio
838 2543 996 2630 Epitome
1019 2541 1061 2607 de
1081 2542 1178 2606 rebus
1198 2543 1305 2624 gestis

232 2641 333 2714 Petri
355 2667 387 2732 p.
414 2645 488 2712 391.
817 2727 822 2742 Ι

724 2765 902 2863 iz·

315 2899 394 2966 Hoc
415 2897 519 2984 igitur
537 2895 620 2962 satis
641 2901 915 2994 superqrgenohis
927 2900 1054 2965 clarum
1066 2898 1141 2977 erit,
1155 2894 1302 2962 uthomo

232 3011 300 3070 tam
330 3001 478 3067 iucunda
504 2999 679 3079 facundia,
713 3021 779 3083 qua
798 3005 887 3067 scite
919 3002 962 3064 ad
983 3002 1111 3064 animos
1132 2997 1304 3062 hominum

233 3107 414 3189 capiendos
444 3103 615 3182 utebatur,
646 3103 753 3166 scitus
787 3125 865 3166 suaa
895 3104 1067 3166 doctrinae
1100 3099 1301 3177 venditator,

232 3208 410 3271 multarum
434 3223 544 3268 rerum
562 3221 697 3286 gnarus,
719 3204 919 3268 lectionibus
943 3201 1132 3266 Homericis
1154 3201 1302 3264 maxime

232 3307 443 3391 oppidorum,
468 3323 553 3387 quae
575 3304 731 3384 accessit,
754 3309 887 3389 plausus
910 3311 945 3367 et
965 3303 1218 3368 admirationem
1241 3317 1303 3366 ex-

233 3409 405 3498 citaverit2
424 3410 461 3467 ut
481 3396 830 3476 honor-incestquasi
852 3425 926 3470 cum
948 3426 1067 3489 pompa
1089 3405 1304 3488 exciperetur

235 3505 451 3574 etllomerici
472 3507 668 3585 cognomine
690 3508 963 3582 exornaretur*).
1006 3508 1084 3571 Hoc
1105 3507 1193 3572 enim
1214 3508 1305 3570 inest

235 3614 271 3674 in
295 3609 441 3672 Senecae
462 3609 574 3669 verbis
596 3607 632 3683 (l.
656 3608 693 3684 l.)
715 3609 768 3682 „iu
793 3629 911 3674 nomen
930 3609 1072 3672 Homeri
1094 3609 1136 3672 ab
1148 3608 1303 3670 omnibus

235 3705 1303 3792 civitatibusadoptatumesse.“Quadicenditormulanpuleius

207 3911 213 3928 l
236 3892 452 3914 m

304 4019 330 4078 *γ
348 4012 425 4070 Dioti
441 4014 483 4068 rie
498 4010 581 4066 ctiam
598 4009 694 4066 Cretes
712 4021 739 4067 et
761 3971 901 4072 seleucus.
